
@article{dierichs_construction_2019,
	title = {Construction robotics for designed granular materials: in situ construction with designed granular materials at full architectural scale using a cable-driven parallel robot},
	volume = {3},
	issn = {2509-811X, 2509-8780},
	doi = {10.1007/s41693-019-00024-6},
	language = {en},
	number = {1-4},
	urldate = {2020-01-19},
	journal = {Construction Robotics},
	author = {Dierichs, Karola and Kyjánek, Ondřej and Loučka, Martin and Menges, Achim},
	month = dec,
	year = {2019},
	note = {Number: 1-4},
	pages = {41--52},
	file = {Dierichs et al. - 2019 - Construction robotics for designed granular materials in situ construction with designed granular materials at full architectural scale using a cable.pdf:C\:\\Users\\Edvard\\Zotero\\storage\\P85I9YR7\\Dierichs et al. - 2019 - Construction robotics for designed granular materials in situ construction with designed granular materials at full architectural scale using a cable.pdf:application/pdf},
}

@article{dierichs_towards_2016,
	title = {Towards an aggregate architecture: designed granular systems as programmable matter in architecture},
	volume = {18},
	issn = {1434-5021, 1434-7636},
	doi = {10.1007/s10035-016-0631-3},
	language = {en},
	number = {2},
	urldate = {2020-01-19},
	journal = {Granular Matter},
	author = {Dierichs, Karola and Menges, Achim},
	month = may,
	year = {2016},
	note = {Number: 2},
	pages = {25},
	file = {Dierichs and Menges - 2016 - Towards an aggregate architecture designed granular systems as programmable matter in architecture.pdf:C\:\\Users\\Edvard\\Zotero\\storage\\Q9SE4NGY\\Dierichs and Menges - 2016 - Towards an aggregate architecture designed granular systems as programmable matter in architecture.pdf:application/pdf},
}

@inproceedings{gandia_towards_2018,
	address = {Zurich},
	title = {Towards {Automatic} {Path} {Planning} for {Robotically} {Assembled} {Spatial} {Structures}},
	doi = {10.1007/978-3-319-92294-2_5},
	language = {EN},
	booktitle = {Robotic {Fabrication} in {Architecture}, {Art} and {Design} 2018},
	publisher = {Springer International Publishing},
	author = {Gandia, Augusto and Parascho, Stefana and Rust, Romana and Casas, Gonzalo and Gramazio, Fabio and Kohler, Matthias},
	year = {2018},
	pages = {59--73},
	file = {Gandia et al. - 2018 - Towards Automatic Path Planning for Robotically As.pdf:C\:\\Users\\Edvard\\Zotero\\storage\\5HGE4AIF\\Gandia et al. - 2018 - Towards Automatic Path Planning for Robotically As.pdf:application/pdf},
}

@misc{mele_compas_2017,
	title = {{COMPAS}: {A} framework for computational research in architecture and structures.},
	url = {https://doi.org/10.5281/zenodo.2594510},
	author = {Mele, Tom Van and others, many},
	year = {2017},
}

@article{karaman_sampling-based_2011,
	title = {Sampling-{Based} {Algorithms} for {Optimal} {Motion} {Planning}},
	volume = {30},
	issn = {0278-3649, 1741-3176},
	doi = {10.1177/0278364911406761},
	language = {en},
	number = {7},
	urldate = {2020-01-18},
	journal = {The International Journal of Robotics Research},
	author = {Karaman, Sertac and Frazzoli, Emilio},
	month = jun,
	year = {2011},
	note = {Number: 7},
	pages = {846--894},
	file = {Karaman and Frazzoli - 2011 - Sampling-Based Algorithms for Optimal Motion Plann.pdf:C\:\\Users\\Edvard\\Zotero\\storage\\TBRCVRXG\\Karaman and Frazzoli - 2011 - Sampling-Based Algorithms for Optimal Motion Plann 2.pdf:application/pdf},
}

@misc{akten_learning_2017,
	title = {Learning to {See}},
	url = {http://www.memo.tv/portfolio/learning-to-see-hello-world/},
	urldate = {2020-01-14},
	journal = {Learning to See: Hello, World!},
	author = {Akten, M.},
	year = {2017},
}

@misc{barque-duran_my_2018,
	title = {My {Artificial} {Muse}},
	url = {https://albertbarque.com/myartificialmuse/},
	urldate = {2020-01-14},
	journal = {My Artificial Muse},
	author = {Barqué-Duran, A. and Klingemann, Mario and Marzenit, Marc},
	year = {2018},
}

@inproceedings{bidgoli_deepcloud_2018,
	address = {Mexico City},
	title = {Deepcloud: {The} application of a data-driven, generative model in design},
	language = {en},
	booktitle = {Proceedings of the 38th {Annual} {Conference} of the {Association} for {Computer} {Aided} {Design} in {Architecture}},
	author = {Bidgoli, Ardavan and Veloso, Pedro},
	year = {2018},
	pages = {10},
	file = {Bidgoli and Veloso - The application of a data-driven, generative model.pdf:C\:\\Users\\Edvard\\Zotero\\storage\\APKA7GNN\\Bidgoli and Veloso - The application of a data-driven, generative model.pdf:application/pdf},
}

@inproceedings{davis_empirically_2016,
	address = {Sonoma, California, USA},
	title = {Empirically {Studying} {Participatory} {Sense}-{Making} in {Abstract} {Drawing} with a {Co}-{Creative} {Cognitive} {Agent}},
	isbn = {978-1-4503-4137-0},
	doi = {10.1145/2856767.2856795},
	language = {en},
	urldate = {2020-01-15},
	booktitle = {Proceedings of the 21st {International} {Conference} on {Intelligent} {User} {Interfaces} - {IUI} '16},
	publisher = {ACM Press},
	author = {Davis, Nicholas and Hsiao, Chih-PIn and Yashraj Singh, Kunwar and Li, Lisa and Magerko, Brian},
	year = {2016},
	pages = {196--207},
	file = {Davis et al. - 2016 - Empirically Studying Participatory Sense-Making in.pdf:C\:\\Users\\Edvard\\Zotero\\storage\\6YTT85W9\\Davis et al. - 2016 - Empirically Studying Participatory Sense-Making in.pdf:application/pdf},
}

@article{liapis_can_2016,
	title = {Can {Computers} {Foster} {Human} {Users}' {Creativity}? {Theory} and {Praxis} of {Mixed}-{Initiative} {Co}-{Creativity}},
	volume = {8},
	abstract = {human-computer interaction cannot be ascribed either to the human or to the computer alone, and surpasses both contributors’ original intentions. The human user is inspired by computational input, with optional suggestions or explicit changes to human creations acting as the stimulus for lateral thinking on the part of the designer},
	language = {en},
	number = {2},
	journal = {Digital Culture \& Education},
	author = {Liapis, Antonios and Yannakakis, Georgios N and Alexopoulos, Constantine and Lopes, Phil},
	month = jun,
	year = {2016},
	note = {Number: 2},
	pages = {17},
	file = {Liapis et al. - Can Computers Foster Human Users' Creativity Theo.pdf:C\:\\Users\\Edvard\\Zotero\\storage\\E983WLD7\\Liapis et al. - Can Computers Foster Human Users' Creativity Theo.pdf:application/pdf},
}

@article{lavalle_randomized_2001,
	title = {Randomized {Kinodynamic} {Planning}},
	volume = {20},
	language = {en},
	number = {5},
	journal = {The International Journal of Robotics Research},
	author = {LaValle, Steven M. and Kuffner, James J.},
	month = may,
	year = {2001},
	note = {Number: 5},
	pages = {378--400},
	file = {LaValle and Kuffner - Randomized Kinodynamic Planning.pdf:C\:\\Users\\Edvard\\Zotero\\storage\\QAR7RABI\\LaValle and Kuffner - Randomized Kinodynamic Planning.pdf:application/pdf},
}

@book{allen_field_2010,
	address = {Long Island City, NY},
	title = {Field {Conditions} {Revisited}},
	isbn = {978-0-615-40628-2 0-615-40628-9},
	language = {en},
	publisher = {Stan Allen Architect},
	author = {Allen, Stanley T.},
	year = {2010},
	file = {Allen - Field Conditions Revisited.pdf:C\:\\Users\\Edvard\\Zotero\\storage\\CHMYQXZ5\\Allen - Field Conditions Revisited.pdf:application/pdf},
}

@incollection{allen_field_2013,
	address = {Hoboken, NJ, USA},
	title = {Field {Conditions}},
	isbn = {978-1-118-79581-1 978-1-119-95174-2},
	language = {en},
	urldate = {2019-11-25},
	booktitle = {The {Digital} {Turn} in {Architecture} 1992-2012},
	publisher = {John Wiley \& Sons, Inc.},
	author = {Allen, Stanley T.},
	editor = {Carpo, Mario},
	month = mar,
	year = {2013},
	doi = {10.1002/9781118795811.ch5},
	pages = {62--79},
	file = {Allen - 2015 - Field Conditions (1997).pdf:C\:\\Users\\Edvard\\Zotero\\storage\\H6DPZNWH\\Allen - 2015 - Field Conditions (1997).pdf:application/pdf},
}

@inproceedings{langton_life_1992,
	address = {Santa Fe, New Mexico},
	series = {Santa {Fe} {Institute} studies in the sciences of complexity},
	title = {Life at the {Edge} of {Chaos}},
	language = {en},
	booktitle = {Artificial {Life} {II}: {Proceedings} of the {Workshop} on {Artificial} {Life}},
	publisher = {Addison-Wesley},
	author = {Langton, Christopher G.},
	year = {1992},
	keywords = {Biological systems, Computer simulation Congresses, Simulation methods Congresses},
	pages = {41--93},
	file = {Langton - 1992 - Artificial Life II Proceedings of the Workshop on Artificial Life Held February 1990 in Santa Fe, New Mexico.pdf:C\:\\Users\\Edvard\\Zotero\\storage\\FXB6CBS8\\Langton - 1992 - Artificial Life II Proceedings of the Workshop on Artificial Life Held February 1990 in Santa Fe, New Mexico.pdf:application/pdf},
}

@book{wolfram_new_2002,
	edition = {1},
	title = {A {New} {Kind} of {Science}},
	isbn = {978-1-57955-008-0},
	publisher = {Wolfram Media},
	author = {Wolfram, Stephen},
	year = {2002},
}

@phdthesis{bidgoli_towards_2016,
	address = {Centre County, Pennsylvania},
	type = {Master of {Architecture}},
	title = {Towards an {Integrated} {Design}-{Making} {Approach} in {Architectural} {Robotics}},
	language = {en},
	school = {Pennsylvania State University},
	author = {Bidgoli, Ardavan},
	year = {2016},
	file = {Bidgoli_2016_Towards an Integrated Design-Making Approach in Architectural Robotics.pdf:C\:\\Users\\Edvard\\Zotero\\storage\\VTRNP9U7\\Bidgoli_2016_Towards an Integrated Design-Making Approach in Architectural Robotics.pdf:application/pdf;Bidgoli_2016_Towards an Integrated Design-Making Approach in Architectural Robotics.pdf:C\:\\Users\\Edvard\\Zotero\\storage\\Z3WU5ZQT\\Bidgoli_2016_Towards an Integrated Design-Making Approach in Architectural Robotics.pdf:application/pdf},
}

@inproceedings{parascho_computational_2018,
	address = {Gothenburg, Sweden},
	title = {Computational design of robotically assembled spatial structures: {A} sequence based method for the generation and evaluation of structures fabricated with cooperating robots},
	url = {https://research.chalmers.se/en/publication/504188},
	language = {en},
	booktitle = {Advances in {Architectural} {Geometry} 2018},
	publisher = {Klein Publishing GmbH},
	author = {Parascho, Stefana and Kohlhammer, Thomas and Coros, Stelian and Gramazio, Fabio and Kohler, Matthias},
	month = sep,
	year = {2018},
	keywords = {assembly sequence, computational design, cooperative robotic assembly, digital fabrication, fabrication aware design, multi-robotic fabrication, sequence based design, spatial structures},
	pages = {112 -- 139},
	file = {Parascho et al. - 2018 - Computational design of robotically assembled spat.pdf:C\:\\Users\\Edvard\\Zotero\\storage\\Q55XNFKY\\Parascho et al. - 2018 - Computational design of robotically assembled spat.pdf:application/pdf},
}

@inproceedings{bonwetsch_informed_2006,
	title = {The informed wall: {Applying} additive digital fabrication techniques on architecture},
	isbn = {978-0-9789463-0-2},
	language = {en},
	booktitle = {Proceedings of the 25th {Annual} {Conference} of the {Association} for {Computer}-{Aided} {Design} in {Architecture}},
	author = {Bonwetsch, Tobias and Kobel, Daniel and Gramazio, Fabio and Kohler, Matthias},
	year = {2006},
	note = {(ISBN: 978-0-9789463-0-2)},
	pages = {489--495},
	file = {Bonwetsch et al. - applying additive digital fabrication techniques on architecture.pdf:C\:\\Users\\Edvard\\Zotero\\storage\\QFHMB4NR\\Bonwetsch et al. - applying additive digital fabrication techniques on architecture.pdf:application/pdf},
}

@inproceedings{bonwetsch_digitally_2007,
	title = {Digitally fabricating non-standardised brick walls},
	isbn = {978-0-86017-710-4},
	booktitle = {{ManuBuild}},
	author = {Bonwetsch, Tobias and Gramazio, Fabio and Kohler, Matthias},
	year = {2007},
	note = {(ISBN: 978-0-86017-710-4)},
	keywords = {digital fabrication, computer aided architectural design, robotic masonry system},
	pages = {191--196},
	file = {Bonwetsch and Kohler - Digitally Fabricating Non-Standardised Brick Walls.pdf:C\:\\Users\\Edvard\\Zotero\\storage\\REPSHU4K\\Bonwetsch and Kohler - Digitally Fabricating Non-Standardised Brick Walls.pdf:application/pdf},
}

@inproceedings{thoma_robotic_2018,
	address = {Zurich},
	title = {Robotic fabrication of bespoke timber frame modules},
	doi = {10.1007/978-3-319-92294-2_34},
	urldate = {2020-01-19},
	booktitle = {Robotic {Fabrication} in {Architecture}, {Art} and {Design} 2018},
	publisher = {Springer International Publishing},
	author = {Thoma, Andreas and Adel, Arash and Helmreich, Matthias and Wehrle, Thomas and Gramazio, Fabio and Kohler, Matthias},
	month = sep,
	year = {2018},
	keywords = {Additive construction, Building scale, Computational design, Cooperative robotic assembly, In place milling, Prefabrication, Timber bar structures, Timber frame modules},
	pages = {447--458},
	file = {Thoma et al_2018_Robotic Fabrication of Bespoke Timber Frame Modules.pdf:C\:\\Users\\Edvard\\Zotero\\storage\\M2Y3RSW6\\Thoma et al_2018_Robotic Fabrication of Bespoke Timber Frame Modules.pdf:application/pdf},
}

@inproceedings{parascho_cooperative_2017,
	address = {London},
	title = {Cooperative fabrication of spatial metal structures},
	doi = {10.3929/ethz-b-000219566},
	language = {en},
	booktitle = {Fabricate 2017: {Rethinking} {Design} and {Construction}},
	publisher = {UCL Press},
	author = {Parascho, Stefana and Gandia, Augusto and Mirjan, Ammar and Gramazio, Fabio and Kohler, Matthias},
	month = apr,
	year = {2017},
	pages = {24--29},
	file = {Parascho et al. - 2017 - Cooperative fabrication of spatial metal structure.pdf:C\:\\Users\\Edvard\\Zotero\\storage\\CCQNNL2V\\Parascho et al. - 2017 - Cooperative fabrication of spatial metal structure.pdf:application/pdf},
}

@inproceedings{bidgoli_machinic_2019,
	address = {Gwangju, South Korea},
	title = {Machinic {Surrogates}: {Human}-{Machine} {Relationships} in {Computational} {Creativity}},
	abstract = {AI-enabled tools surrogate authors’ and/or
users’ agency. In each project, the bespoken AI-enabled
tools that have been developed and/or modified by the artists
serve as more than passive tools or automated systems.},
	language = {en},
	booktitle = {25th {International} {Symposium} on {Electronic} {Arts}},
	author = {Bidgoli, Ardavan and Kang, Eunsu and Llach, Daniel Cardoso},
	year = {2019},
	pages = {7},
	file = {Bidgoli et al_2019_Machinic Surrogates.pdf:C\:\\Users\\Edvard\\Zotero\\storage\\8NVHMNDV\\Bidgoli et al_2019_Machinic Surrogates.pdf:application/pdf},
}

@article{parascho_robotic_2020,
	title = {Robotic vault: {A} cooperative robotic assembly method for brick vault construction},
	volume = {4},
	doi = {10.1007/s41693-020-00041-w},
	number = {3},
	journal = {Construction Robotics},
	author = {Parascho, Stefana and Han, Isla Xi and Walker, Samantha and Beghini, Alessandro and Bruun, Edvard P. G. and Adriaenssens, Sigrid},
	month = nov,
	year = {2020},
	pages = {117--126},
	file = {Parascho et al. - 2020 - Robotic vault a cooperative robotic assembly method for brick vault construction.pdf:C\:\\Users\\Edvard\\Zotero\\storage\\J94AQMP6\\Parascho et al. - 2020 - Robotic vault a cooperative robotic assembly method for brick vault construction.pdf:application/pdf},
}

@inproceedings{parascho_lightvault_2021,
	address = {Paris, France},
	title = {{LightVault}: {A} design and robotic fabrication method for complex masonry structures},
	isbn = {978-2-85978-540-6},
	url = {https://oar.princeton.edu/handle/88435/pr1s17ss4d},
	booktitle = {Advances in {Architectural} {Geometry} 2020},
	publisher = {Presses des Ponts},
	author = {Parascho, Stefana and Han, Isla Xi and Beghini, Alessandro and Miki, Masaaki and Walker, Samantha and Bruun, Edvard P. G. and Adriaenssens, Sigrid},
	month = jun,
	year = {2021},
	pages = {350--375},
	file = {Parascho et al. - 2021 - LightVault A Design and Robotic Fabrication Method for Complex Masonry Structures.pdf:C\:\\Users\\Edvard\\Zotero\\storage\\TKBPSJCY\\Parascho et al. - 2021 - LightVault A Design and Robotic Fabrication Method for Complex Masonry Structures.pdf:application/pdf},
}

@phdthesis{parascho_cooperative_2019,
	address = {Zurich},
	type = {{PhD} {Thesis}},
	title = {Cooperative robotic assembly: {Computational} design and robotic fabrication of spatial metal structures},
	url = {https://doi.org/10.3929/ethz-b-000364322},
	language = {English},
	urldate = {2020-01-19},
	school = {ETH},
	author = {Parascho, Stefana},
	year = {2019},
	file = {Parascho - Cooperative Robotic Assembly.pdf:C\:\\Users\\Edvard\\Zotero\\storage\\XE35WKX7\\Parascho - Cooperative Robotic Assembly.pdf:application/pdf},
}

@misc{rust_compas_2018,
	title = {{COMPAS} {FAB}: {Robotic} fabrication package for the {COMPAS} {Framework}},
	url = {https://doi.org/10.5281/zenodo.3469478},
	author = {Rust, R. and Casas, G. and Parascho, S. and Jenny, D. and Dörfler, K. and Helmreich, M. and Gandia, A. and Ma, Z. and Ariza, I. and Pacher, M. and Lytle, B. and Huang, Y. and Kasirer, C. and Bruun, E.},
	year = {2018},
}
