
@misc{mele_compas_2017,
	title = {{COMPAS}: {A} framework for computational research in architecture and structures.},
	url = {https://compas-dev.github.io/},
	journal = {COMPAS},
	author = {Mele, Tom Van and Liew, Andrew and Echenagucia, Tomas Mendéz and Rippmann, Matthias},
	year = {2017}
}

@phdthesis{parascho_cooperative_2019,
	address = {Zurich},
	type = {{PhD} {Thesis}},
	title = {Cooperative robotic assembly: {Computational} design and robotic fabrication of spatial metal structures},
	url = {https://doi.org/10.3929/ethz-b-000364322},
	language = {English},
	urldate = {2020-01-19},
	school = {ETH},
	author = {Parascho, Stefana},
	year = {2019},
	file = {Parascho - Cooperative Robotic Assembly.pdf:/Users/edvardbruun/Zotero/storage/XE35WKX7/Parascho - Cooperative Robotic Assembly.pdf:application/pdf}
}

@inproceedings{thoma_robotic_2018,
	address = {Zurich},
	title = {Robotic fabrication of bespoke timber frame modules},
	doi = {10.1007/978-3-319-92294-2_34},
	urldate = {2020-01-19},
	booktitle = {Robotic {Fabrication} in {Architecture}, {Art} and {Design} 2018},
	publisher = {Springer International Publishing},
	author = {Thoma, Andreas and Adel, Arash and Helmreich, Matthias and Wehrle, Thomas and Gramazio, Fabio and Kohler, Matthias},
	year = {2018},
	keywords = {Additive construction, Building scale, Computational design, Cooperative robotic assembly, In place milling, Prefabrication, Timber bar structures, Timber frame modules},
	pages = {447--458},
	file = {Thoma et al_2018_Robotic Fabrication of Bespoke Timber Frame Modules.pdf:/Users/edvardbruun/Zotero/storage/M2Y3RSW6/Thoma et al_2018_Robotic Fabrication of Bespoke Timber Frame Modules.pdf:application/pdf}
}

@misc{rutten_grasshopper_2007,
	title = {Grasshopper},
	url = {https://www.grasshopper3d.com/},
	publisher = {Robert McNeel \& Associates},
	author = {Rutten, David},
	year = {2007},
	file = {Snapshot:/Users/edvardbruun/Zotero/storage/ELRZEQWA/www.grasshopper3d.com.html:text/html}
}

@article{vouga_design_2012,
	title = {Design of self-supporting surfaces},
	volume = {31},
	doi = {10.1145/2185520.2185583},
	number = {4},
	journal = {ACM Transactions on Graphics},
	author = {Vouga, Etienne and Höbinger, Mathias and Wallner, Johannes and Pottmann, Helmut},
	month = jul,
	year = {2012},
	keywords = {architectural geometry, discrete differential geometry, discrete Laplacians, isotropic geometry, mean curvature, reciprocal force diagrams, self-supporting masonry, thrust networks},
	pages = {1--11},
	file = {Vouga et al. - 2012 - Design of self-supporting surfaces.pdf:/Users/edvardbruun/Zotero/storage/FZPPDSSI/Vouga et al. - 2012 - Design of self-supporting surfaces.pdf:application/pdf;Vouga et al_Design of Self-supporting Surfaces.pdf:/Users/edvardbruun/Zotero/storage/YK3CCSRB/Vouga et al_Design of Self-supporting Surfaces.pdf:application/pdf}
}

@article{chilton_heinz_2010,
	title = {Heinz {Isler}'s infinite spectrum: {Form}-finding in design},
	volume = {80},
	doi = {10.1002/ad.1108},
	number = {4},
	urldate = {2020-02-12},
	journal = {Architectural Design},
	author = {Chilton, John},
	month = jul,
	year = {2010},
	pages = {64--71},
	file = {Chilton - 2010 - Heinz Isler's Infinite Spectrum Form-Finding in Design.pdf:/Users/edvardbruun/Zotero/storage/RQL3EXGT/Chilton - 2010 - Heinz Isler's Infinite Spectrum Form-Finding in Design.pdf:application/pdf}
}

@article{chilton_rooted_2017,
	title = {Rooted in nature: {Aesthetics}, geometry and structure in the shells of {Heinz} {Isler}},
	volume = {19},
	doi = {10.1007/s00004-017-0357-5},
	number = {3},
	urldate = {2020-02-12},
	journal = {Nexus Network Journal},
	author = {Chilton, John and Chuang, Chu-Chun},
	month = dec,
	year = {2017},
	pages = {763--785},
	file = {Chilton and Chuang - 2017 - Rooted in Nature Aesthetics, Geometry and Structure in the Shells of Heinz Isler.pdf:/Users/edvardbruun/Zotero/storage/NLIX2XZG/Chilton and Chuang - 2017 - Rooted in Nature Aesthetics, Geometry and Structure in the Shells of Heinz Isler.pdf:application/pdf}
}

@inproceedings{wu_robotic_2018,
	address = {Mexico City},
	title = {Robotic equilibrium: {Scaffold} free arch assemblies},
	isbn = {978-0-692-17729-7},
	language = {en},
	booktitle = {Proceedings of the 38th {Annual} {Conference} of the {Association} for {Computer} {Aided} {Design} in {Architecture}},
	author = {Wu, Kaicong and Kilian, Axel},
	year = {2018},
	note = {(ISBN: 978-0-692-17729-7)},
	pages = {342--349},
	file = {Wu and Kilian - Robotic Equilibrium Scaffold Free Arch Assemblies.pdf:/Users/edvardbruun/Zotero/storage/XTGJAFAK/Wu and Kilian - Robotic Equilibrium Scaffold Free Arch Assemblies.pdf:application/pdf}
}

@inproceedings{piskorec_brick_2018,
	address = {Zurich},
	title = {The brick labyrinth},
	doi = {10.1007/978-3-319-92294-2_37},
	language = {en},
	urldate = {2020-02-18},
	booktitle = {Robotic {Fabrication} in {Architecture}, {Art} and {Design} 2018},
	publisher = {Springer International Publishing},
	author = {Piškorec, Luka and Jenny, David and Parascho, Stefana and Mayer, Hannes and Gramazio, Fabio and Kohler, Matthias},
	year = {2018},
	pages = {489--500},
	file = {Piškorec et al. - 2019 - The Brick Labyrinth.pdf:/Users/edvardbruun/Zotero/storage/J5V39YI6/Piškorec et al. - 2019 - The Brick Labyrinth.pdf:application/pdf}
}

@article{deuss_assembling_2014,
	title = {Assembling self-supporting structures},
	volume = {33},
	doi = {10.1145/2661229.2661266},
	number = {6},
	urldate = {2020-02-19},
	journal = {ACM Transactions on Graphics},
	author = {Deuss, Mario and Panozzo, Daniele and Whiting, Emily and Liu, Yang and Block, Philippe and Sorkine-Hornung, Olga and Pauly, Mark},
	month = nov,
	year = {2014},
	keywords = {assembly order, masonry models, optimization, self-supporting surfaces, sparsity, static equilibrium analysis},
	pages = {1--10},
	file = {Deuss et al. - 2014 - Assembling self-supporting structures.pdf:/Users/edvardbruun/Zotero/storage/XS8U8DSQ/Deuss et al. - 2014 - Assembling self-supporting structures.pdf:application/pdf}
}

@misc{british_pathe_mechanical_1967,
	address = {Shenfield, Essex},
	title = {Mechanical bricklayer},
	url = {https://www.youtube.com/watch?v=4MWald1Goqk},
	urldate = {2020-02-23},
	author = {{British Pathé}},
	year = {1967}
}

@misc{thomson_brick-laying_1904,
	title = {Brick-laying machine},
	url = {https://patents.google.com/patent/US772191A/en},
	urldate = {2020-02-23},
	author = {Thomson, John},
	month = oct,
	year = {1904},
	note = {Patent Number: US772191A},
	keywords = {brick, bricks, chute, machine, wall},
	file = {Fulltext PDF:/Users/edvardbruun/Zotero/storage/FMWMPYUE/Thomson - 1904 - Brick-laying machine.pdf:application/pdf}
}

@inproceedings{bonwetsch_informed_2006,
	title = {The informed wall: {Applying} additive digital fabrication techniques on architecture},
	isbn = {978-0-9789463-0-2},
	language = {en},
	booktitle = {Proceedings of the 25th {Annual} {Conference} of the {Association} for {Computer}-{Aided} {Design} in {Architecture}},
	author = {Bonwetsch, Tobias and Kobel, Daniel and Gramazio, Fabio and Kohler, Matthias},
	year = {2006},
	note = {(ISBN: 978-0-9789463-0-2)},
	pages = {489--495},
	file = {Bonwetsch et al. - applying additive digital fabrication techniques on architecture.pdf:/Users/edvardbruun/Zotero/storage/QFHMB4NR/Bonwetsch et al. - applying additive digital fabrication techniques on architecture.pdf:application/pdf}
}

@inproceedings{dorfler_mobile_2016,
	address = {Sydney, Australia},
	title = {Mobile robotic brickwork: {Automation} of a discrete robotic fabrication process using an autonomous mobile robot},
	doi = {10.1007/978-3-319-26378-6-15},
	booktitle = {Robotic {Fabrication} in {Architecture}, {Art} and {Design} 2016},
	publisher = {Springer International Publishing},
	author = {Dörfler, Kathrin and Sandy, Timothy and Giftthaler, Markus and Gramazio, Fabio and Kohler, Matthias and Buchli, Jonas},
	year = {2016},
	keywords = {Adaptive fabrication, In situ robotic construction, Mobile robotic fabrication, Robot localization},
	pages = {204--217},
	file = {Dörfler et al. - 2016 - Mobile Robotic Brickwork. Automation of a Discrete Robotic Fabrication Process Using an Autonomous Mobile Robot.pdf:/Users/edvardbruun/Zotero/storage/AM6JEYAB/Dörfler et al. - 2016 - Mobile Robotic Brickwork. Automation of a Discrete Robotic Fabrication Process Using an Autonomous Mobile Robot.pdf:application/pdf}
}

@inproceedings{parascho_cooperative_2017,
	address = {London},
	title = {Cooperative fabrication of spatial metal structures},
	doi = {10.3929/ethz-b-000219566},
	language = {en},
	booktitle = {Fabricate 2017},
	publisher = {UCL Press},
	author = {Parascho, Stefana and Gandia, Augusto and Mirjan, Ammar and Gramazio, Fabio and Kohler, Matthias},
	editor = {Menges, Achim and Sheil, Bob and Glynn, Ruairi and Skavara, Marilena},
	year = {2017},
	pages = {24--29},
	file = {Parascho et al. - 2017 - Cooperative fabrication of spatial metal structure.pdf:/Users/edvardbruun/Zotero/storage/CCQNNL2V/Parascho et al. - 2017 - Cooperative fabrication of spatial metal structure.pdf:application/pdf}
}

@book{heyman_stone_1997,
	edition = {Reprint},
	title = {The stone skeleton: {Structural} engineering of masonry architecture},
	isbn = {978-0-521-62963-8},
	language = {English},
	publisher = {Cambridge University Press},
	author = {Heyman, Jacques},
	month = jul,
	year = {1997},
	note = {(ISBN: 978-0-521-62963-8)}
}

@book{ochsendorf_guastavino_2010,
	address = {New York},
	title = {Guastavino vaulting: {The} art of structural tile},
	isbn = {978-1-56898-741-5},
	language = {English},
	urldate = {2020-05-09},
	publisher = {Princeton Architectural Press},
	author = {Ochsendorf, John Allen},
	year = {2010},
	note = {(ISBN: 978-1-56898-741-5)}
}

@book{choisy_art_1883,
	address = {Paris},
	title = {L'{Art} de bâtir chez les {Byzantins}},
	isbn = {978-88-271-1911-2},
	language = {French},
	publisher = {Société anonyme de publications périodiques},
	author = {Choisy, Auguste},
	year = {1883},
	note = {(ISBN: 978-88-271-1911-2)}
}

@article{loing_free-form_2020,
	title = {Free-form structures from topologically interlocking masonries},
	volume = {113},
	doi = {10.1016/j.autcon.2020.103117},
	urldate = {2020-05-09},
	journal = {Automation in Construction},
	author = {Loing, Vianney and Baverel, Olivier and Caron, Jean-François and Mesnil, Romain},
	month = may,
	year = {2020},
	keywords = {Architectural geometry, Constructive geometry, Free-form, nexorade, PQ-mesh, Topologically interlocked material},
	pages = {1--15},
	file = {Loing et al. - 2020 - Free-form structures from topologically interlocking masonries.pdf:/Users/edvardbruun/Zotero/storage/VWCK9IT6/Loing et al. - 2020 - Free-form structures from topologically interlocking masonries.pdf:application/pdf;ScienceDirect Snapshot:/Users/edvardbruun/Zotero/storage/489D3PKX/S0926580519310957.html:text/html}
}

@inproceedings{pizzigoni_herringbone_2014,
	address = {Guimarães, Portugal},
	title = {Herringbone, {Gualandrino} and {Brunelleschi}'s bricks},
	booktitle = {9th {International} {Masonry} {Conference}},
	author = {Pizzigoni, A. and Paris, V.},
	year = {2014},
	pages = {1--12},
	file = {Pizzigoni and Paris - 2014 - Herringbone, Gualandrino and Brunelleschi's Bricks.pdf:/Users/edvardbruun/Zotero/storage/SXGNCTCV/Pizzigoni and Paris - 2014 - Herringbone, Gualandrino and Brunelleschi's Bricks.pdf:application/pdf}
}

@inproceedings{pizzigoni_herringbone_2018,
	address = {Boston},
	title = {Herringbone naked structure},
	language = {en},
	urldate = {2020-05-09},
	booktitle = {Proceedings of {IASS} {Annual} {Symposia} 2018},
	author = {Pizzigoni, A. and Paris, V. and Pasta, M. and Morandi, M. and Parsani, A.},
	month = jul,
	year = {2018},
	note = {(ISSN: 2518-6582)},
	pages = {1--6},
	file = {Snapshot:/Users/edvardbruun/Zotero/storage/4EURYESM/art00006.html:text/html}
}

@article{block_thrust_2007,
	title = {Thrust network analysis: {A} new methodology for three-dimensional equilibrium},
	volume = {48},
	number = {3},
	journal = {Journal of the International Association for Shell and Spatial Structures},
	author = {Block, P. and Ochsendorf, J.},
	month = dec,
	year = {2007},
	note = {(ISSN: 1028-365X)},
	pages = {167--173}
}

@article{carneau_additive_2020,
	title = {Additive manufacturing of cantilever - {From} masonry to concrete {3D} printing},
	volume = {116},
	doi = {10.1016/j.autcon.2020.103184},
	language = {en},
	urldate = {2020-05-10},
	journal = {Automation in Construction},
	author = {Carneau, Paul and Mesnil, Romain and Roussel, Nicolas and Baverel, Olivier},
	month = aug,
	year = {2020},
	pages = {1--16},
	file = {Carneau et al. - 2020 - Additive manufacturing of cantilever - From masonry to concrete 3D printing.pdf:/Users/edvardbruun/Zotero/storage/Y3HI8WQQ/Carneau et al. - 2020 - Additive manufacturing of cantilever - From masonry to concrete 3D printing.pdf:application/pdf}
}

@inproceedings{carneau_exploration_2019,
	address = {Barcelona},
	title = {An exploration of 3d printing design space inspired by masonry},
	doi = {10.5281/ZENODO.3563672},
	language = {en},
	urldate = {2020-05-10},
	booktitle = {Proceedings of {IASS} {Annual} {Symposium} 2019},
	publisher = {Zenodo},
	author = {Carneau, Paul and Mesnil, Romain and Roussel, Nicolas and Baverel, Olivier},
	month = oct,
	year = {2019},
	keywords = {3d printing, cantilever, concrete, form finding, funicular, masonry},
	pages = {9},
	file = {Carneau et al. - 2019 - An exploration of 3d printing design space inspired by masonry.pdf:/Users/edvardbruun/Zotero/storage/NGLMDS36/Carneau et al. - 2019 - An exploration of 3d printing design space inspired by masonry.pdf:application/pdf}
}

@inproceedings{motamedi_supportless_2019,
	address = {Berlin},
	title = {Supportless {3D} printing of shells: {Adaptation} of ancient vaulting techniques to digital fabrication},
	doi = {10.1007/978-3-030-29829-6-55},
	urldate = {2020-05-10},
	booktitle = {Proceedings of the {Design} {Modelling} {Symposium} {Berlin}},
	author = {Motamedi, Mahan and Oval, Robin and Carneau, Paul and Baverel, Olivier},
	year = {2019},
	pages = {714--726},
	file = {Motamedi et al. - 2020 - Supportless 3D Printing of Shells Adaptation of Ancient Vaulting Techniques to Digital Fabrication.pdf:/Users/edvardbruun/Zotero/storage/5CVR967L/Motamedi et al. - 2020 - Supportless 3D Printing of Shells Adaptation of Ancient Vaulting Techniques to Digital Fabrication.pdf:application/pdf}
}

@misc{itasca_consulting_group_inc_3dec_2016,
	address = {Minneapolis, USA},
	title = {{3DEC}},
	url = {https://www.itascacg.com/software/3dec},
	publisher = {Itasca Consulting Group, Inc.},
	author = {{Itasca Consulting Group Inc.}},
	year = {2016}
}

@article{paris_statics_2020,
	title = {Statics of self-balancing masonry domes constructed with a cross-herringbone spiraling pattern},
	volume = {215},
	doi = {10.1016/j.engstruct.2020.110440},
	urldate = {2020-05-16},
	journal = {Engineering Structures},
	author = {Paris, Vittorio and Pizzigoni, Attilio and Adriaenssens, Sigrid},
	month = jul,
	year = {2020},
	pages = {1--10},
	file = {Paris et al. - 2020 - Statics of self-balancing masonry domes constructed with a cross-herringbone spiraling pattern.pdf:/Users/edvardbruun/Zotero/storage/DITKTGTA/Paris et al. - 2020 - Statics of self-balancing masonry domes constructed with a cross-herringbone spiraling pattern.pdf:application/pdf}
}

@article{michiels_form-finding_2018,
	title = {Form-finding algorithm for masonry arches subjected to in-plane earthquake loading},
	volume = {195},
	doi = {10.1016/j.compstruc.2017.10.001},
	urldate = {2020-05-19},
	journal = {Computers \& Structures},
	author = {Michiels, Tim and Adriaenssens, Sigrid},
	month = jan,
	year = {2018},
	keywords = {Earthquake, Form finding, Masonry, Masonry arches, Seismic design},
	pages = {85--98},
	file = {ScienceDirect Snapshot:/Users/edvardbruun/Zotero/storage/NUIP55ZA/S0045794917310647.html:text/html;ScienceDirect Snapshot:/Users/edvardbruun/Zotero/storage/AXVCZBP5/S0045794917310647.html:text/html}
}

@article{michiels_comparison_2017,
	title = {Comparison of thrust line analysis, limit state analysis and distinct element modeling to predict the collapse load and collapse mechanism of a rammed earth arch},
	volume = {148},
	issn = {0141-0296},
	doi = {10.1016/j.engstruct.2017.06.053},
	language = {en},
	urldate = {2020-05-19},
	journal = {Engineering Structures},
	author = {Michiels, Tim and Napolitano, Rebecca and Adriaenssens, Sigrid and Glisic, Branko},
	month = oct,
	year = {2017},
	keywords = {Collapse load, Discrete element modeling, Graphic statics, Limit state analysis, Rammed earth, Thrust line analysis},
	pages = {145--156},
	file = {Michiels et al. - 2017 - Comparison of thrust line analysis, limit state analysis and distinct element modeling to predict the collapse load and collapse mechanism of a rammed.pdf:/Users/edvardbruun/Zotero/storage/QT6C68F7/Michiels et al. - 2017 - Comparison of thrust line analysis, limit state analysis and distinct element modeling to predict the collapse load and collapse mechanism of a rammed.pdf:application/pdf;ScienceDirect Snapshot:/Users/edvardbruun/Zotero/storage/9ZKHFIGV/S0141029617305126.html:text/html;Michiels et al. - 2017 - Comparison of thrust line analysis, limit state analysis and distinct element modeling to predict the collapse load and collapse mechanism of a rammed.pdf:/Users/edvardbruun/Zotero/storage/NGXWBZJS/Michiels et al. - 2017 - Comparison of thrust line analysis, limit state analysis and distinct element modeling to predict the collapse load and collapse mechanism of a rammed.pdf:application/pdf}
}

@article{davis_innovative_2012,
	title = {Innovative funicular tile vaulting: {A} prototype in {Switzerland}},
	volume = {90},
	number = {11},
	journal = {The Structural Engineer},
	author = {Davis, L. and Rippmann, M. and Pawlofsky, T. and Block, P.},
	month = nov,
	year = {2012},
	pages = {46--56},
	file = {Davis et al. - 2012 - Innovative funicular tile vaulting A prototype vault in Switzerland.pdf:/Users/edvardbruun/Zotero/storage/LFWIWTNU/Davis et al. - 2012 - Innovative funicular tile vaulting A prototype vault in Switzerland.pdf:application/pdf}
}

@inproceedings{jahn_holographic_2018,
	address = {Mexico City},
	title = {Holographic design, fabrication, assembly and analysis of woven steel structures},
	isbn = {978-0-692-17729-7},
	booktitle = {Proceedings of the 38th {Annual} {Conference} of the {Association} for {Computer} {Aided} {Design} in {Architecture}},
	author = {Jahn, Gwyllim and Newnham, Cameron and Berg, Nicholas van den and Beanland, Matthew},
	year = {2018},
	note = {(ISBN: 978-0-692-17729-7)},
	pages = {11},
	file = {Jahn and Newnham - Holographic design, fabrication, assembly and analysis of woven steel structures.pdf:/Users/edvardbruun/Zotero/storage/ZD5QSM5N/Jahn and Newnham - Holographic design, fabrication, assembly and analysis of woven steel structures.pdf:application/pdf}
}

@misc{ifr_world_2018,
	title = {World robotics report},
	url = {https://ifr.org/ifr-press-releases/news/global-industrial-robot-sales-doubled-over-the-past-five-years},
	urldate = {2020-06-12},
	author = {{IFR}},
	year = {2018},
	file = {WR_Presentation_Industry_and_Service_Robots_rev_5_12_18.pdf:/Users/edvardbruun/Zotero/storage/YD5X32A8/WR_Presentation_Industry_and_Service_Robots_rev_5_12_18.pdf:application/pdf}
}

@article{pizzigoni_brunelleschis_2015,
	title = {Brunelleschi's bricks},
	volume = {56},
	issn = {1028-365X},
	language = {en},
	number = {2},
	journal = {Journal of the International Association for Shell and Spatial Structures},
	author = {Pizzigoni, Attilio},
	year = {2015},
	note = {(ISSN: 1028-365X)},
	pages = {137--148},
	file = {Pizzigoni - 2015 - Brunelleschi's Bricks.pdf:/Users/edvardbruun/Zotero/storage/W8TJTY7C/Pizzigoni - 2015 - Brunelleschi's Bricks.pdf:application/pdf}
}

@book{el-naggar_les_1999,
	address = {Le Caire},
	title = {Les voutes dans l'architecture de l'{Egypte} ancienne},
	isbn = {978-2-7247-0252-1},
	language = {French},
	publisher = {Institut français d'archéologie orientale},
	author = {El-Naggar, Salah},
	year = {1999},
	note = {(ISBN: 978-2-7247-0252-1)}
}

@book{besenval_technologie_1984,
	address = {Paris},
	title = {Technologie de la boûte dans l'orient ancien},
	language = {French},
	publisher = {Éditions Recherche sur les Civilisations},
	author = {Besenval, Roland},
	year = {1984},
	note = {(ISBN: 978-2-86538-082-4)}
}

@inproceedings{parascho_lightvault_2021,
	address = {Paris, France},
	title = {{LightVault}: {A} design and robotic fabrication method for complex masonry structures},
	booktitle = {Advances in {Architectural} {Geometry} 2021},
	author = {Parascho, Stefana and Han, Isla Xi and Beghini, Alessandro and Miki, Masaaki and Walker, Samantha and Bruun, Edvard P.G. and Adriaenssens, Sigrid},
	year = {2021},
	pages = {25},
	file = {Parascho et al. - 2021 - LightVault A Design and Robotic Fabrication Method for Complex Masonry Structures.pdf:/Users/edvardbruun/Zotero/storage/TKBPSJCY/Parascho et al. - 2021 - LightVault A Design and Robotic Fabrication Method for Complex Masonry Structures.pdf:application/pdf}
}

@article{simon_discrete_2016,
	title = {Discrete element analysis of the minimum thickness of oval masonry domes},
	volume = {10},
	doi = {10.1080/15583058.2014.996921},
	number = {4},
	urldate = {2020-09-15},
	journal = {International Journal of Architectural Heritage},
	author = {Simon, József and Bagi, Katalin},
	month = may,
	year = {2016},
	pages = {457--475},
	file = {Simon and Bagi - 2016 - Discrete Element Analysis of the Minimum Thickness of Oval Masonry Domes.pdf:/Users/edvardbruun/Zotero/storage/E6VSMGNR/Simon and Bagi - 2016 - Discrete Element Analysis of the Minimum Thickness of Oval Masonry Domes.pdf:application/pdf}
}

@article{parascho_robotic_2020,
	title = {Robotic vault: {A} cooperative robotic assembly method for brick vault construction},
	volume = {4},
	doi = {10.1007/s41693-020-00041-w},
	number = {3},
	journal = {Construction Robotics},
	author = {Parascho, Stefana and Han, Isla Xi and Walker, Samantha and Beghini, Alessandro and Bruun, Edvard P.G. and Adriaenssens, Sigrid},
	month = nov,
	year = {2020},
	pages = {1--10},
	file = {Parascho et al. - 2020 - Robotic vault a cooperative robotic assembly method for brick vault construction.pdf:/Users/edvardbruun/Zotero/storage/J94AQMP6/Parascho et al. - 2020 - Robotic vault a cooperative robotic assembly method for brick vault construction.pdf:application/pdf}
}

@inproceedings{kaminski_tests_2010,
	address = {Philadelphia, USA},
	title = {Tests to collapse of masonry arch bridges simulated by means of {FEM}},
	doi = {10.13140/2.1.4381.2649},
	booktitle = {Proceedings of the {Fifth} {International} {Conference} on {Bridge} {Maintenance}, {Safety} and {Management}},
	publisher = {CRC Press},
	author = {Kamiński, Tomasz},
	month = jul,
	year = {2010},
	pages = {1431--1438},
	file = {Kamiński - 2010 - Tests to collapse of masonry arch bridges simulated by means of FEM.pdf:/Users/edvardbruun/Zotero/storage/2JES4X26/Kamiński - 2010 - Tests to collapse of masonry arch bridges simulated by means of FEM.pdf:application/pdf}
}

@book{brell-cokcan_robarch_2013,
	address = {Wien ; New York},
	title = {Rob/{Arch} 2012: {Robotic} fabrication in architecture, art and design},
	isbn = {978-3-7091-1464-3},
	language = {en},
	publisher = {Springer International Publishing},
	editor = {Brell-Cokcan, Sigrid and Braumann, Johannes},
	year = {2013},
	note = {(ISBN: 978-3-7091-1464-3)},
	keywords = {Architecture, Art and technology, Congresses, Produktentwicklung, Roboter, Robots, Industrial, Technological innovations},
	file = {Brell-C̦okcan and Braumann - 2013 - RobArch 2012 Robotic Fabrication in Architecture, Art and Design.pdf:/Users/edvardbruun/Zotero/storage/WZQK9RIV/Brell-C̦okcan and Braumann - 2013 - RobArch 2012 Robotic Fabrication in Architecture, Art and Design.pdf:application/pdf}
}

@inproceedings{bonwetsch_brickdesign_2012,
	address = {Vienna},
	title = {{BrickDesign}},
	doi = {10.1007/978-3-7091-1465-0_9},
	booktitle = {Robotic {Fabrication} in {Architecture}, {Art} and {Design} 2012},
	publisher = {Springer International Publishing},
	author = {Bonwetsch, Tobias and Bärtschi, Ralph and Helmreich, Matthias},
	year = {2012},
	pages = {102--109},
	file = {Bonwetsch et al. - 2012 - BrickDesign.pdf:/Users/edvardbruun/Zotero/storage/FZBIHLY2/Bonwetsch et al. - 2012 - BrickDesign.pdf:application/pdf}
}

@article{kaveh_efficient_2010,
	title = {An efficient analysis of repetitive structures generated by graph products},
	volume = {84},
	doi = {10.1002/nme.2893},
	number = {1},
	urldate = {2020-10-23},
	journal = {International Journal for Numerical Methods in Engineering},
	author = {Kaveh, A. and Rahami, H.},
	month = oct,
	year = {2010},
	pages = {108--126},
	file = {Kaveh and Rahami - 2010 - An efficient analysis of repetitive structures generated by graph products.pdf:/Users/edvardbruun/Zotero/storage/4UUXXCVL/Kaveh and Rahami - 2010 - An efficient analysis of repetitive structures generated by graph products.pdf:application/pdf}
}

@article{melbourne_behaviour_1995,
	title = {The behaviour of multi-ring brickwork bridges},
	volume = {73},
	issn = {1466-5123},
	language = {en},
	journal = {The Structural Engineer},
	author = {Melbourne, Clive and Gilbert, M},
	year = {1995},
	note = {(ISSN: 1466-5123)},
	pages = {39--47},
	file = {Melbourne and Gilbert - The behaviour of multiring brickwork bridges.pdf:/Users/edvardbruun/Zotero/storage/BZRX8M8H/Melbourne and Gilbert - The behaviour of multiring brickwork bridges.pdf:application/pdf}
}

@inproceedings{gilbert_small_2007,
	address = {Funchal, Madeira},
	title = {Small and large-scale experimental studies of soil-arch interaction in masonry bridges},
	isbn = {978-972-8692-31-5},
	booktitle = {5th {International} {Conference} on {Arch} {Bridges}},
	author = {Gilbert, M and Smith, C C and Wang, J},
	year = {2007},
	note = {(ISBN: 978-972-8692-31-5)},
	pages = {381--388},
	file = {Gilbert et al. - Small and large-scale experimental studies of soil-arch interaction in masonry bridges.pdf:/Users/edvardbruun/Zotero/storage/CACMWPJB/Gilbert et al. - Small and large-scale experimental studies of soil-arch interaction in masonry bridges.pdf:application/pdf}
}

@article{royles_model_1991,
	title = {Model tests on masonry arches},
	volume = {91},
	doi = {10.1680/iicep.1991.14997},
	number = {2},
	journal = {Proceedings of the Institution of Civil Engineers},
	author = {Royles, R and Hendry, A W},
	month = jun,
	year = {1991},
	pages = {299--321},
	file = {Royles and Hendry - 1991 - Model tests on masonry arches. (includes appendices)..pdf:/Users/edvardbruun/Zotero/storage/5UXF599M/Royles and Hendry - 1991 - Model tests on masonry arches. (includes appendices)..pdf:application/pdf}
}

@article{thavalingam_computational_2001,
	title = {Computational framework for discontinuous modelling of masonry arch bridges},
	volume = {79},
	doi = {10.1016/S0045-7949(01)00102-X},
	number = {19},
	urldate = {2020-10-26},
	journal = {Computers \& Structures},
	author = {Thavalingam, A and Bicanic, N and Robinson, J. I and Ponniah, D. A},
	month = jul,
	year = {2001},
	keywords = {Collapse mechanisms, Discontinuous deformation analysis, Discrete elements, Masonry arch bridge, Non-linear finite elements, Soil-structure interaction},
	pages = {1821--1830},
	file = {Thavalingam et al. - 2001 - Computational framework for discontinuous modelling of masonry arch bridges.pdf:/Users/edvardbruun/Zotero/storage/NZTT7LS2/Thavalingam et al. - 2001 - Computational framework for discontinuous modelling of masonry arch bridges.pdf:application/pdf}
}

@inproceedings{melbourne_load_1988,
	address = {Dublin, Ireland},
	title = {Load tests to collapse of model brickwork masonry arches},
	isbn = {1-85166-265-0},
	urldate = {2020-10-26},
	booktitle = {Proceedings of the 8th {International} {Brick}/{Block} {Masonry} {Conference}},
	author = {Melbourne, Clive and Walker, P.J.},
	year = {1988},
	note = {(ISBN: 1-85166-265-0)},
	pages = {991--1002},
	file = {Melbourne and Walker - 1988 - Load Tests to Collapse of Model Brickwork Masonry Arches.pdf:/Users/edvardbruun/Zotero/storage/MHJUQFWJ/Melbourne and Walker - 1988 - Load Tests to Collapse of Model Brickwork Masonry Arches.pdf:application/pdf}
}

@inproceedings{towler_limit_1982,
	address = {Rome, Italy},
	title = {Limit state behaviour of brickwork arches},
	language = {en},
	booktitle = {6th {International} {Conference} on {Brick} {Masonry}},
	author = {Towler, K. and Sawko, F.},
	year = {1982},
	pages = {422--429},
	file = {Towler and Sawko - 1982 - Limit State Behaviour of Brickwork Arches.pdf:/Users/edvardbruun/Zotero/storage/ZXCF8UIN/Towler and Sawko - 1982 - Limit State Behaviour of Brickwork Arches.pdf:application/pdf}
}

@article{sarhosis_review_2016,
	title = {A review of experimental investigations and assessment methods for masonry arch bridges},
	volume = {12},
	doi = {10.1080/15732479.2015.1136655},
	number = {11},
	journal = {Structure and Infrastructure Engineering},
	author = {Sarhosis, Vasilis and Santis, Stefano De and Felice, Gianmarco de},
	month = nov,
	year = {2016},
	keywords = {Masonry, arch bridges, distinct elements, experimental investigation, finite elements, limit state analysis, structural assessment},
	pages = {1439--1464},
	file = {Sarhosis et al. - 2016 - A review of experimental investigations and assessment methods for masonry arch bridges.pdf:/Users/edvardbruun/Zotero/storage/NEECWCTC/Sarhosis et al. - 2016 - A review of experimental investigations and assessment methods for masonry arch bridges.pdf:application/pdf;Snapshot:/Users/edvardbruun/Zotero/storage/44J9ZPUW/15732479.2015.html:text/html}
}

@inproceedings{swift_physical_2013,
	address = {Split, Croatia},
	title = {Physical modelling of masonry arch bridges},
	isbn = {978-953-7621-16-2},
	booktitle = {7th {International} {Conference} on {Arch} {Bridges}},
	author = {Swift, Gareth and Augusthus-Nelson, Levingshan and Melbourne, Clive and Gilbert, Matthew},
	month = oct,
	year = {2013},
	note = {(ISBN: 978-953-7621-16-2)},
	pages = {621--628},
	file = {Swift et al. - 2013 - Physical modelling of masonry arch bridges.pdf:/Users/edvardbruun/Zotero/storage/EZLTBHB6/Swift et al. - 2013 - Physical modelling of masonry arch bridges.pdf:application/pdf}
}

@article{melbourne_collapse_1997,
	title = {The collapse behaviour of multispan brickwork arch bridges},
	volume = {75},
	issn = {1466-5123},
	number = {17},
	urldate = {2020-10-27},
	journal = {The Structural Engineer},
	author = {Melbourne, C. and Gilbert, M. and Wagstaff, M.},
	month = sep,
	year = {1997},
	note = {(ISSN: 1466-5123)},
	pages = {297--305},
	file = {Melbourne et al. - 1997 - The Collapse Behaviour of multispan brickwork arch bridges.pdf:/Users/edvardbruun/Zotero/storage/UJ5AXMNW/Melbourne et al. - 1997 - The Collapse Behaviour of multispan brickwork arch bridges.pdf:application/pdf}
}

@inproceedings{han_concept_2020,
	title = {From concept to construction: {A} transferable design and robotic fabrication method for a building-scale vault},
	booktitle = {Proceedings of the 40th {Annual} {Conference} of the {Association} for {Computer} {Aided} {Design} in {Architecture}},
	author = {Han, Isla Xi and Bruun, Edvard P.G. and Marsh, Stuart and Adriaenssens, Sigrid and Parascho, Stefana},
	year = {2020},
	pages = {12},
	file = {Han et al. - 2020 - From Concept to Construction A Transferable Design and Robotic Fabrication Method for a Building-Scale Vault.pdf:/Users/edvardbruun/Zotero/storage/YCW6P6NP/Han et al. - 2020 - From Concept to Construction A Transferable Design and Robotic Fabrication Method for a Building-Scale Vault.pdf:application/pdf;FINAL_ACADIA_20210217.pdf:/Users/edvardbruun/Zotero/storage/84QSZZ3T/FINAL_ACADIA_20210217.pdf:application/pdf}
}

@article{preisinger_karamba_2014,
	title = {Karamba — {A} toolkit for parametric structural design},
	volume = {24},
	doi = {10.2749/101686614X13830790993483},
	number = {2},
	urldate = {2020-11-18},
	journal = {Structural Engineering International},
	author = {Preisinger, Clemens and Heimrath, Moritz},
	month = may,
	year = {2014},
	keywords = {finite elements, integrated planning process, interactive, optimization, parametric design environment, structural},
	pages = {217--221},
	file = {Preisinger and Heimrath - 2014 - Karamba—A Toolkit for Parametric Structural Design.pdf:/Users/edvardbruun/Zotero/storage/D9U9HJI3/Preisinger and Heimrath - 2014 - Karamba—A Toolkit for Parametric Structural Design.pdf:application/pdf;Snapshot:/Users/edvardbruun/Zotero/storage/PIQPLCWA/101686614X13830790993483.html:text/html}
}

@article{goessens_feasibility_2018,
	title = {Feasibility study for drone-based masonry construction of real-scale structures},
	volume = {94},
	doi = {10.1016/j.autcon.2018.06.015},
	language = {en},
	urldate = {2020-11-23},
	journal = {Automation in Construction},
	author = {Goessens, Sébastien and Mueller, Caitlin and Latteur, Pierre},
	month = oct,
	year = {2018},
	pages = {458--480},
	file = {Goessens et al. - 2018 - Feasibility study for drone-based masonry construction of real-scale structures.pdf:/Users/edvardbruun/Zotero/storage/EGUZPEC9/Goessens et al. - 2018 - Feasibility study for drone-based masonry construction of real-scale structures.pdf:application/pdf}
}

@article{bruun_humanrobot_2020,
	title = {Human–robot collaboration: {A} fabrication framework for the sequential design and construction of unplanned spatial structures},
	volume = {31},
	doi = {10.1080/14626268.2020.1845214},
	language = {en},
	number = {4},
	urldate = {2020-11-25},
	journal = {Digital Creativity},
	author = {Bruun, Edvard P. G. and Ting, Ian and Adriaenssens, Sigrid and Parascho, Stefana},
	month = nov,
	year = {2020},
	pages = {320--336},
	file = {Bruun et al. - 2020 - Human–robot collaboration a fabrication framework for the sequential design and construction of unplanned spatial structures.pdf:/Users/edvardbruun/Zotero/storage/J3LBSPWB/Bruun et al. - 2020 - Human–robot collaboration a fabrication framework for the sequential design and construction of unplanned spatial structures.pdf:application/pdf}
}

@inproceedings{rippmann_computational_2016,
	address = {Zurich},
	title = {Computational design and digital fabrication of a freeform stone shell},
	doi = {10.3929/ethz-a-010709080},
	language = {en},
	booktitle = {Advances in {Architectural} {Geometry} 2016},
	author = {Rippmann, Matthias and Mele, Tom Van and Popescu, Mariana and Augustynowicz, Edyta and Echenagucia, Tomás Méndez and Barentin, Cristián Calvo and Frick, Ursula and Block, Philippe},
	year = {2016},
	pages = {344--363},
	file = {Rippmann et al. - 2016 - Computational Design and Digital Fabrication of a Freeform Stone Shell.pdf:/Users/edvardbruun/Zotero/storage/ZT7RTCJ3/Rippmann et al. - 2016 - Computational Design and Digital Fabrication of a Freeform Stone Shell.pdf:application/pdf}
}

@article{block_structural_2018,
	title = {Structural design, fabrication and construction of the {Armadillo} {Vault}},
	volume = {96},
	number = {5},
	urldate = {2020-11-25},
	journal = {The Structural Engineer},
	author = {Block, P. and Van Mele, T. and Liew, A. and DeJong, Matthew and Escobedo, D. and Ochsendorf, J.},
	year = {2018},
	pages = {10--20},
	file = {Block et al. - 2018 - Structural design, fabrication and construction of the Armadillo Vault.pdf:/Users/edvardbruun/Zotero/storage/MXNKEMD8/Block et al. - 2018 - Structural design, fabrication and construction of the Armadillo Vault.pdf:application/pdf}
}

@article{bock_future_2015,
	title = {The future of construction automation: {Technological} disruption and the upcoming ubiquity of robotics},
	volume = {59},
	doi = {10.1016/j.autcon.2015.07.022},
	urldate = {2020-10-02},
	journal = {Automation in Construction},
	author = {Bock, Thomas},
	month = nov,
	year = {2015},
	keywords = {Construction automation, Ambient integrated robotics, Robotics in construction, S-curves},
	pages = {113--121},
	file = {Bock - 2015 - The future of construction automation Technologic.pdf:/Users/edvardbruun/Zotero/storage/UQ9SJX6Y/Bock - 2015 - The future of construction automation Technologic.pdf:application/pdf;ScienceDirect Snapshot:/Users/edvardbruun/Zotero/storage/RJVKJ5QV/S092658051500165X.html:text/html}
}

@incollection{kaveh_role_2005,
	edition = {1},
	title = {The role of algebraic graph theory in structural mechanics},
	isbn = {978-1-874672-21-0},
	urldate = {2020-12-11},
	booktitle = {Progress in {Computational} {Structures} {Technology}},
	publisher = {Saxe-Coburg Publications},
	author = {Kaveh, A},
	editor = {Topping, B.H.V. and Mota Soares, C.A.},
	year = {2005},
	note = {(ISBN: 978-1-874672-21-0)},
	pages = {77--110},
	file = {Kaveh - 2005 - The Role of Algebraic Graph Theory in Structural Mechanics.pdf:/Users/edvardbruun/Zotero/storage/KQ8RIL9K/Kaveh - 2005 - The Role of Algebraic Graph Theory in Structural Mechanics.pdf:application/pdf}
}

@article{block_as_2006,
	title = {As hangs the flexible line: {Equilibrium} of masonry arches},
	volume = {8},
	doi = {10.1007/s00004-006-0015-9},
	number = {2},
	journal = {Nexus Network Journal},
	author = {Block, Philippe and DeJong, Matt and Ochsendorf, John},
	month = oct,
	year = {2006},
	pages = {13--24}
}

@phdthesis{lau_equilibrium_2006,
	type = {{PhD} {Thesis}},
	title = {Equilibrium analysis of masonry domes},
	url = {https://dspace.mit.edu/handle/1721.1/34984},
	language = {eng},
	urldate = {2020-11-26},
	school = {Massachusetts Institute of Technology},
	author = {Lau, Wanda W.},
	year = {2006},
	file = {Snapshot:/Users/edvardbruun/Zotero/storage/E72RTZYB/34984.html:text/html;Lau_2006_Equilibrium analysis of masonry domes.pdf:/Users/edvardbruun/Zotero/storage/L6A34SAI/Lau_2006_Equilibrium analysis of masonry domes.pdf:application/pdf;Snapshot:/Users/edvardbruun/Zotero/storage/N6XGVBN9/34984.html:text/html}
}

@article{odwyer_funicular_1999,
	title = {Funicular analysis of masonry vaults},
	volume = {73},
	doi = {10.1016/S0045-7949(98)00279-X},
	language = {en},
	number = {1},
	journal = {Computers \& Structures},
	author = {O’Dwyer, Dermot},
	month = oct,
	year = {1999},
	file = {O’Dwyer_1999_Funicular analysis of masonry vaults.pdf:/Users/edvardbruun/Zotero/storage/HX2NJ3W7/O’Dwyer_1999_Funicular analysis of masonry vaults.pdf:application/pdf;ScienceDirect Snapshot:/Users/edvardbruun/Zotero/storage/8Y22EQ8L/S004579499800279X.html:text/html}
}

@inproceedings{hart_formulation_1988,
	title = {Formulation of a three-dimensional distinct element model—{Part} {II}. {Mechanical} calculations for motion and interaction of a system composed of many polyhedral blocks},
	volume = {25},
	doi = {10.1016/0148-9062(88)92294-2},
	booktitle = {International journal of rock mechanics and mining sciences \& {Geomechanics} abstracts},
	publisher = {Elsevier},
	author = {Hart, R and Cundall, Peter A and Lemos, J},
	year = {1988},
	pages = {117--125}
}

@article{meriggi_distinct_2019,
	title = {Distinct element modelling of masonry walls under out-of-plane seismic loading},
	volume = {13},
	number = {7},
	journal = {International Journal of Architectural Heritage},
	author = {Meriggi, Pietro and de Felice, Gianmarco and De Santis, Stefano and Gobbin, Francesca and Mordanova, Anna and Pantò, Bartolomeo},
	year = {2019},
	pages = {1110--1123},
	file = {Meriggi et al. - 2019 - Distinct element modelling of masonry walls under .pdf:/Users/edvardbruun/Zotero/storage/KH2IGASM/Meriggi et al. - 2019 - Distinct element modelling of masonry walls under .pdf:application/pdf}
}

@article{roberti_distinct_1998,
	title = {Distinct element analysis of stone arches},
	doi = {doi.org/10.1201/9781003078494},
	journal = {Arch Bridges: History, Analysis, Assessment, Maintenance and Repair},
	author = {Roberti, G Mirabella and Calvetti, F},
	year = {1998},
	pages = {181--186}
}

@inproceedings{kassotakis_discrete_2017,
	title = {Discrete element modelling of multi-ring brickwork masonry arches},
	booktitle = {13th {Canadian} {Masonry} {Symposium}},
	publisher = {Newcastle University},
	author = {Kassotakis, Nicko and Sarhosis, Vasilis and Forgàcs, Tamàs and Bagi, K},
	year = {2017},
	pages = {11},
	file = {Kassotakis et al. - 2017 - Discrete element modelling of multi-ring brickwork masonry arches.pdf:/Users/edvardbruun/Zotero/storage/VJ23TXL4/Kassotakis et al. - 2017 - Discrete element modelling of multi-ring brickwork masonry arches.pdf:application/pdf}
}

@inproceedings{cundall_formulation_1988,
	title = {Formulation of a three-dimensional distinct element model—{Part} {I}. {A} scheme to detect and represent contacts in a system composed of many polyhedral blocks},
	volume = {25},
	doi = {10.1016/0148-9062(88)92293-0},
	booktitle = {International {Journal} of {Rock} {Mechanics} and {Mining} {Sciences} \& {Geomechanics} {Abstracts}},
	author = {Cundall, Peter A},
	year = {1988},
	pages = {107--116}
}

@misc{abaqus_inc_abaqus_2020,
	address = {Johnston, Rhode Island},
	title = {Abaqus {FEA}},
	url = {https://www.3ds.com/products-services/simulia/products/abaqus/},
	publisher = {Dassault Systemes},
	author = {{ABAQUS Inc.}},
	year = {2020}
}

@techreport{abb_product_2020,
	title = {Product specification - {IRB} 4600},
	number = {3HAC032885-001},
	institution = {ABB Group},
	author = {{ABB}},
	month = dec,
	year = {2020},
	note = {Workspace 20D, version a7},
	pages = {78},
	file = {Product specification - IRB 4600.pdf:/Users/edvardbruun/Zotero/storage/7F3EZSXK/Product specification - IRB 4600.pdf:application/pdf}
}

@article{forgacs_minimum_2017,
	title = {Minimum thickness of semi-circular skewed masonry arches},
	volume = {140},
	doi = {10.1016/j.engstruct.2017.02.036},
	journal = {Engineering Structures},
	author = {Forgács, Tamás and Sarhosis, Vasilis and Bagi, Katalin},
	year = {2017},
	keywords = {3DEC, Discrete Element Method, Masonry, Minimum thickness, Skew arches, Structures},
	pages = {317 -- 336}
}

@misc{som_bricks_2019,
	title = {Bricks, mortar, and robots: {Solutions} for sustainable construction},
	url = {https://som.medium.com/bricks-mortar-and-robots-solutions-for-sustainable-construction-f404b90fe9ab},
	author = {{SOM} and {University of Alcalá}},
	month = aug,
	year = {2019}
}

@article{hack_structural_2020,
	title = {Structural stay-in-place formwork for robotic in situ fabrication of non-standard concrete structures: {A} real scale architectural demonstrator},
	volume = {115},
	doi = {10.1016/j.autcon.2020.103197},
	language = {en},
	journal = {Automation in Construction},
	author = {Hack, Norman and Dörfler, Kathrin and Walzer, Alexander Nikolas and Wangler, Timothy and Mata-Falcón, Jaime and Kumar, Nitish and Buchli, Jonas and Kaufmann, Walter and Flatt, Robert J. and Gramazio, Fabio and Kohler, Matthias},
	month = jul,
	year = {2020},
	keywords = {Concrete structures, Digital concrete, Digital fabrication, Reinforcement, Robotic in situ fabrication},
	pages = {1--13},
	file = {ScienceDirect Snapshot:/Users/edvardbruun/Zotero/storage/EIHICERE/S0926580519303607.html:text/html;Hack et al. - 2020 - Structural stay-in-place formwork for robotic in situ fabrication of non-standard concrete structures A real scale architectural demonstrator.pdf:/Users/edvardbruun/Zotero/storage/ZNAX9UVM/Hack et al. - 2020 - Structural stay-in-place formwork for robotic in situ fabrication of non-standard concrete structures A real scale architectural demonstrator.pdf:application/pdf}
}

@incollection{kohler_programmed_2014,
	title = {The programmed column},
	isbn = {978-3-906027-37-1},
	urldate = {2020-09-15},
	booktitle = {The {Robotic} {Touch}: {How} {Robots} {Change} {Architecture}},
	publisher = {The University of Chicago Press},
	author = {Kohler, Matthias and Gramazio, Fabio and Willmann, Jan},
	year = {2014},
	note = {(ISBN: 978-3-906027-37-1)},
	pages = {208--215},
	file = {Snapshot:/Users/edvardbruun/Zotero/storage/VBPS9XNP/bo18006641.html:text/html;Snapshot:/Users/edvardbruun/Zotero/storage/MB4JUVR7/bo18006641.html:text/html}
}

@incollection{kohler_gantenbein_2014,
	title = {Gantenbein vineyard façade},
	isbn = {978-3-906027-37-1},
	urldate = {2020-09-15},
	booktitle = {The {Robotic} {Touch}: {How} {Robots} {Change} {Architecture}},
	publisher = {The University of Chicago Press},
	author = {Kohler, Matthias and Gramazio, Fabio and Willmann, Jan},
	year = {2014},
	note = {(ISBN: 978-3-906027-37-1)},
	pages = {66--75}
}

@inproceedings{bonwetsch_digitally_2007,
	title = {Digitally fabricating non-standardised brick walls},
	isbn = {978-0-86017-710-4},
	booktitle = {{ManuBuild}},
	author = {Bonwetsch, Tobias and Gramazio, Fabio and Kohler, Matthias},
	year = {2007},
	note = {(ISBN: 978-0-86017-710-4)},
	keywords = {computer aided architectural design, digital fabrication, robotic masonry system},
	pages = {191--196},
	file = {Bonwetsch and Kohler - Digitally Fabricating Non-Standardised Brick Walls.pdf:/Users/edvardbruun/Zotero/storage/REPSHU4K/Bonwetsch and Kohler - Digitally Fabricating Non-Standardised Brick Walls.pdf:application/pdf}
}

@inproceedings{bartschi_wiggled_2010,
	address = {Wien/New York},
	title = {Wiggled brick bond},
	doi = {10.1007/978-3-7091-0309-8},
	booktitle = {Advances in {Architectural} {Geometry} 2010},
	publisher = {Springer},
	author = {Bärtschi, Ralph and Knauss, Michael and Bonwetsch, Tobias and Gramazio, Fabio and Kohler, Matthias},
	year = {2010},
	pages = {137--147}
}

@inproceedings{karydis_limiting_2012,
	address = {Center of Ancient Studies, University of Pennsylvania},
	title = {Limiting the use of centering in vaulted construction: {The} early {Byzantine} churches of west {Asia} {Minor}},
	doi = {kar.kent.ac.uk/59648/},
	language = {en},
	booktitle = {Center for {Ancient} {Studies} {Symposium}: {Masons} at {Work}},
	author = {Karydis, Nikolaos},
	year = {2012},
	pages = {19},
	file = {Karydis - Limiting the Use of Centering in Vaulted ConstructionThe Early Byzantine Churches of West Asia Minor.pdf:/Users/edvardbruun/Zotero/storage/LRJN6U7A/Karydis - Limiting the Use of Centering in Vaulted ConstructionThe Early Byzantine Churches of West Asia Minor.pdf:application/pdf}
}

@article{bravo-palacios_one_2020,
	title = {One robot for many tasks: {Versatile} co-design through stochastic programming},
	volume = {5},
	issn = {2377-3766},
	doi = {10.1109/LRA.2020.2969948},
	number = {2},
	journal = {IEEE Robotics and Automation Letters},
	author = {Bravo-Palacios, G. and Prete, A. D. and Wensing, P. M.},
	month = apr,
	year = {2020},
	keywords = {Actuators, assembly line, computational design, control parameters, fixed-automation solutions, hopping monopod robot, improved energy cost, industrial robots, legged locomotion, Legged locomotion, legged robots, mechanical design, mechanism design, Morphology, morphology parameter optimization, multitask co-design problems, Optimization, Optimization and optimal control, Programming, single design, single industrial robot, stochastic programming, Task analysis, task completion times, trajectory control, trajectory optimization, versatile robots},
	pages = {1680--1687},
	file = {IEEE Xplore Abstract Record:/Users/edvardbruun/Zotero/storage/B88M49K9/8972465.html:text/html}
}

@article{eversmann_robotic_2017,
	title = {Robotic prefabrication of timber structures: towards automated large-scale spatial assembly},
	volume = {1},
	doi = {10.1007/s41693-017-0006-2},
	journal = {Construction Robotics},
	author = {Eversmann, Philipp and Gramazio, Fabio and Kohler, Matthias},
	month = dec,
	year = {2017},
	pages = {49--60},
	file = {Eversmann et al. - 2017 - Robotic prefabrication of timber structures towards automated large-scale spatial assembly.pdf:/Users/edvardbruun/Zotero/storage/FQ4FATR3/Eversmann et al. - 2017 - Robotic prefabrication of timber structures towards automated large-scale spatial assembly.pdf:application/pdf}
}

@article{davila_delgado_robotics_2019,
	title = {Robotics and automated systems in construction: {Understanding} industry-specific challenges for adoption},
	volume = {26},
	doi = {10.1016/j.jobe.2019.100868},
	language = {en},
	urldate = {2021-02-06},
	journal = {Journal of Building Engineering},
	author = {Davila Delgado, Juan Manuel and Oyedele, Lukumon and Ajayi, Anuoluwapo and Akanbi, Lukman and Akinade, Olugbenga and Bilal, Muhammad and Owolabi, Hakeem},
	month = nov,
	year = {2019},
	keywords = {Additive manufacturing, Automated construction, Autonomous vehicles, Exoskeletons, Off-site construction, Robotics},
	pages = {1--11},
	file = {Davila Delgado et al. - 2019 - Robotics and automated systems in construction Understanding industry-specific challenges for adoption.pdf:/Users/edvardbruun/Zotero/storage/KG5YBLYQ/Davila Delgado et al. - 2019 - Robotics and automated systems in construction Understanding industry-specific challenges for adoption.pdf:application/pdf;ScienceDirect Snapshot:/Users/edvardbruun/Zotero/storage/4CFHDDXU/S2352710219300889.html:text/html}
}

@article{garcia_de_soto_productivity_2018,
	title = {Productivity of digital fabrication in construction: {Cost} and time analysis of a robotically built wall},
	volume = {92},
	doi = {10.1016/j.autcon.2018.04.004},
	language = {en},
	urldate = {2021-02-06},
	journal = {Automation in Construction},
	author = {García de Soto, Borja and Agustí-Juan, Isolda and Hunhevicz, Jens and Joss, Samuel and Graser, Konrad and Habert, Guillaume and Adey, Bryan T.},
	month = aug,
	year = {2018},
	keywords = {Construction industry, Digital fabrication, Additive manufacturing, 3D printing, Construction automation, Industrialized construction, Labor productivity, Robot system, Robotic construction},
	pages = {297--311},
	file = {García de Soto et al. - 2018 - Productivity of digital fabrication in construction Cost and time analysis of a robotically built wall.pdf:/Users/edvardbruun/Zotero/storage/URATU4RT/García de Soto et al. - 2018 - Productivity of digital fabrication in construction Cost and time analysis of a robotically built wall.pdf:application/pdf;ScienceDirect Snapshot:/Users/edvardbruun/Zotero/storage/8AXVYZ2V/S092658051731124X.html:text/html}
}

@article{kumar_robotics_2016,
	title = {Robotics in construction industry},
	volume = {9},
	doi = {10.17485/ijst/2016/v9i23/95974},
	language = {en},
	number = {23},
	urldate = {2021-02-06},
	journal = {Indian Journal of Science and Technology},
	author = {Kumar, V. R. Prasath and Raj, M. Balasubramanian {and} S. Jagadish},
	month = jun,
	year = {2016},
	pages = {1--12},
	file = {Snapshot:/Users/edvardbruun/Zotero/storage/A4LAA857/robotics-in-construction-industry.html:text/html;Kumar and Raj - 2016 - Robotics in Construction Industry.pdf:/Users/edvardbruun/Zotero/storage/68J2A8EL/Kumar and Raj - 2016 - Robotics in Construction Industry.pdf:application/pdf}
}

@article{huang_factor_1990,
	title = {Factor automation: the {Japanese} experience},
	volume = {37},
	doi = {10.1109/17.53712},
	number = {2},
	journal = {IEEE Transactions on Engineering Management},
	author = {Huang, P. Y. and Sakurai, M.},
	month = may,
	year = {1990},
	keywords = {Computer aided manufacturing, Computer integrated manufacturing, Computer numerical control, Costs, Decision support systems, factory automation, Flexible manufacturing systems, Japanese industries, Manufacturing automation, Manufacturing industries, Manufacturing systems, Mazda, Mitsubishi, NEC, Nippon Steel, Nissan, Production facilities},
	pages = {102--108},
	file = {IEEE Xplore Abstract Record:/Users/edvardbruun/Zotero/storage/AASMRNZC/53712.html:text/html}
}

@incollection{castro-lacouture_construction_2009,
	address = {Berlin, Heidelberg},
	series = {Springer {Handbooks}},
	title = {Construction automation},
	isbn = {978-3-540-78831-7},
	urldate = {2021-02-06},
	booktitle = {Springer {Handbook} of {Automation}},
	publisher = {Springer},
	author = {Castro-Lacouture, Daniel},
	editor = {Nof, Shimon Y.},
	year = {2009},
	note = {(ISBN: 978-3-540-78831-7)},
	keywords = {Building Information Model, Construction Industry, Global Position System, Global Position System Receiver, Ultra Wide Band},
	pages = {1063--1078}
}

@article{bock_construction_2007,
	title = {Construction robotics},
	volume = {22},
	doi = {10.1007/s10514-006-9008-5},
	language = {en},
	number = {3},
	urldate = {2021-02-06},
	journal = {Autonomous Robots},
	author = {Bock, Thomas},
	month = apr,
	year = {2007},
	pages = {201--209},
	file = {Bock - 2007 - Construction robotics.pdf:/Users/edvardbruun/Zotero/storage/YAZYXD34/Bock - 2007 - Construction robotics.pdf:application/pdf}
}

@book{bock_construction_2016,
	title = {Construction robots: {Elementary} technologies and single-task construction robots},
	volume = {4},
	isbn = {978-1-316-78517-1},
	language = {en},
	publisher = {Cambridge University Press},
	author = {Bock, Thomas and Linner, Thomas},
	month = oct,
	year = {2016},
	note = {(ISBN: 978-1-316-78517-1)},
	keywords = {Architecture / General, Technology \& Engineering / Biomedical, Technology \& Engineering / Civil / General, Technology \& Engineering / Construction / General, Technology \& Engineering / Engineering (General), Technology \& Engineering / Environmental / General}
}

@book{bock_robotic_2015,
	title = {Robotic industrialization: {Automation} and robotic technologies for customized component, module, and building prefabrication},
	volume = {2},
	isbn = {978-1-107-07639-6},
	language = {en},
	publisher = {Cambridge University Press},
	author = {Bock, Thomas and Linner, Thomas},
	month = aug,
	year = {2015},
	note = {(ISBN: 978-1-107-07639-6)},
	keywords = {Nature / Environmental Conservation \& Protection, Nature / Natural Resources, Technology \& Engineering / Civil / General, Technology \& Engineering / Construction / General, Technology \& Engineering / Drafting \& Mechanical Drawing, Technology \& Engineering / Engineering (General), Technology \& Engineering / Industrial Design / General, Technology \& Engineering / Industrial Technology, Technology \& Engineering / Robotics, Technology \& Engineering / Structural}
}

@book{bock_site_2016,
	title = {Site automation: {Automated}/robotic on-site factories},
	volume = {3},
	isbn = {978-1-107-07597-9},
	language = {en},
	publisher = {Cambridge University Press},
	author = {Bock, Thomas and Linner, Thomas},
	month = apr,
	year = {2016},
	note = {(ISBN: 978-1-107-07597-9)},
	keywords = {Computers / Human-Computer Interaction (HCI), Computers / Intelligence (AI) \& Semantics, Technology \& Engineering / Automation, Technology \& Engineering / Civil / General, Technology \& Engineering / Construction / General, Technology \& Engineering / Engineering (General), Technology \& Engineering / Robotics, Technology \& Engineering / Structural}
}

@book{skibniewski_robotics_1989,
	address = {Southampton},
	title = {Robotics in civil engineering},
	isbn = {978-0-442-31925-0},
	language = {English},
	publisher = {Van Nostrand Reinhold},
	author = {Skibniewski, M. J.},
	month = jan,
	year = {1989},
	note = {(ISBN: 978-0-442-31925-0)}
}

@article{albus_trip_1986,
	title = {Trip report: {Japanese} progress in robotics for construction},
	volume = {2},
	doi = {10.1016/0167-8493(86)90047-1},
	language = {en},
	number = {2},
	urldate = {2021-02-06},
	journal = {Robotics},
	author = {Albus, James S.},
	month = jun,
	year = {1986},
	note = {Publisher: North-Holland},
	pages = {103--112},
	file = {Snapshot:/Users/edvardbruun/Zotero/storage/DGDTC4JK/0167849386900471.html:text/html}
}

@book{cousineau_construction_1998,
	address = {Reston, VA},
	title = {Construction robots: {The} search for new building technology in {Japan}},
	isbn = {978-0-7844-0317-4},
	publisher = {American Society of Civil Engineers},
	author = {Cousineau, Leslie and Miura, Nobuyasu},
	month = feb,
	year = {1998},
	note = {(ISBN: 978-0-7844-0317-4)}
}

@inproceedings{ueno_construction_1986,
	address = {Marseille, France},
	title = {Construction robots for site automation},
	doi = {10.22260/ISARC1986/0049},
	urldate = {2021-02-06},
	booktitle = {Proceedings of the 3rd {ISARC}},
	author = {Ueno, T. and Maeda, J. and Yoshida, T. and Suzuki, S.},
	year = {1986},
	keywords = {Construction Site, Reinforced Concrete Building, Steel Beam, Ultrasonic Sensor, Work Module},
	pages = {627--639},
	file = {Ueno et al. - 1986 - Construction Robots for Site Automation.pdf:/Users/edvardbruun/Zotero/storage/89NGCWQA/Ueno et al. - 1986 - Construction Robots for Site Automation.pdf:application/pdf}
}

@article{andres_first_1994,
	title = {First results of the development of the masonry robot system {ROCCO}: {A} fault tolerant assembly tool},
	doi = {10.1016/B978-0-444-82044-0.50016-3},
	language = {en},
	urldate = {2021-02-06},
	journal = {Automation and Robotics in Construction XI},
	author = {Andres, Jürgen and Bock, Thomas and Gebhart, Friedrich and Steck, Werner},
	year = {1994},
	pages = {87--93},
	file = {Andres et al. - 1994 - First Results of the Development of the Masonry Robot System ROCCO a Fault Tolerant Assembly Tool.pdf:/Users/edvardbruun/Zotero/storage/5WUDD68D/Andres et al. - 1994 - First Results of the Development of the Masonry Robot System ROCCO a Fault Tolerant Assembly Tool.pdf:application/pdf}
}

@incollection{bock_early_2009,
	address = {Zurich},
	title = {From early trials to advanced computer integrated prefabrication of brickwork},
	isbn = {978-3-906800-17-2},
	booktitle = {New {Perspective} in {Industrialization} in {Construction} – {A} {State}-of-the-{Art} {Report}},
	publisher = {CIB International Council for Research and Innovation in Building and Research},
	author = {Bock, Thomas and Linner, Thomas},
	editor = {Grimscheid, G. and Scheublin, F.},
	month = may,
	year = {2009},
	note = {(ISBN: 978-3-906800-17-2)},
	pages = {161--181},
	file = {Bock and Linner - 2009 - From Early Trials to Advanced Computer Integrated Prefabrication of Brickwork.pdf:/Users/edvardbruun/Zotero/storage/6N34EGGQ/Bock and Linner - 2009 - From Early Trials to Advanced Computer Integrated Prefabrication of Brickwork.pdf:application/pdf}
}

@article{dakhli_robotic_2017,
	title = {Robotic mechanical design for brick-laying automation},
	volume = {4},
	doi = {10.1080/23311916.2017.1361600},
	journal = {Cogent Engineering},
	author = {Dakhli, Zakaria and Lafhaj, Zoubeir},
	month = aug,
	year = {2017},
	pages = {1--22},
	file = {Snapshot:/Users/edvardbruun/Zotero/storage/G4TF3QPR/23311916.2017.html:text/html;Dakhli and Lafhaj - 2017 - Robotic mechanical design for brick-laying automation.pdf:/Users/edvardbruun/Zotero/storage/TV2HKPDV/Dakhli and Lafhaj - 2017 - Robotic mechanical design for brick-laying automation.pdf:application/pdf}
}

@book{bock_robot-oriented_2015,
	title = {Robot-oriented design: {Design} and management tools for the deployment of automation and robotics in construction},
	volume = {1},
	isbn = {978-1-107-07638-9},
	urldate = {2021-02-06},
	publisher = {Cambridge University Press},
	author = {Bock, Thomas and Linner, Thomas},
	month = may,
	year = {2015},
	note = {(ISBN: 978-1-107-07638-9)},
	file = {Snapshot:/Users/edvardbruun/Zotero/storage/XEAJC9IP/robot-oriented-design-design-and-management-tools-deployment-automation-and-robotics-constructi.html:text/html}
}

@inproceedings{bryson_fully_2005,
	title = {Fully autonomous robot for paving operations},
	doi = {10.1061/40754(183)37},
	language = {EN},
	urldate = {2021-02-06},
	booktitle = {Construction {Research} {Congress}},
	author = {Bryson, L. Sebastian and Maynard, Christopher and Castro-Lacouture, Daniel and Williams, I. I.},
	year = {2005},
	pages = {10},
	file = {Snapshot:/Users/edvardbruun/Zotero/storage/JRDA8EWP/40754(183)37.html:text/html}
}

@article{hess_ergonomic_2010,
	title = {Ergonomic best practices in masonry: {Regional} differences, benefits, barriers, and recommendations for dissemination},
	volume = {7},
	doi = {10.1080/15459624.2010.484795},
	number = {8},
	urldate = {2021-02-06},
	journal = {Journal of Occupational and Environmental Hygiene},
	author = {Hess, Jennifer and Weinstein, Marc and Welch, Laura},
	month = jun,
	year = {2010},
	keywords = {construction, diffusion, ergonomics, injury prevention, masonry, musculoskeletal disorders},
	pages = {446--455},
	file = {Hess et al. - 2010 - Ergonomic Best Practices in Masonry Regional Differences, Benefits, Barriers, and Recommendations for Dissemination.pdf:/Users/edvardbruun/Zotero/storage/8ES4M2XV/Hess et al. - 2010 - Ergonomic Best Practices in Masonry Regional Differences, Benefits, Barriers, and Recommendations for Dissemination.pdf:application/pdf}
}

@article{vink_physical_2002,
	title = {Physical effects of new devices for bricklayers},
	volume = {8},
	doi = {10.1080/10803548.2002.11076515},
	number = {1},
	urldate = {2021-02-06},
	journal = {International Journal of Occupational Safety and Ergonomics},
	author = {Vink, Peter and Miedema, Mathilde and Koningsveld, Ernst and Molen, Henk van der},
	month = jan,
	year = {2002},
	keywords = {bricklaying, construction work, ergonomic innovations, musculoskeletal problems},
	pages = {71--82},
	file = {Vink et al. - 2002 - Physical Effects of New Devices for Bricklayers.pdf:/Users/edvardbruun/Zotero/storage/2DGB9KMC/Vink et al. - 2002 - Physical Effects of New Devices for Bricklayers.pdf:application/pdf;Snapshot:/Users/edvardbruun/Zotero/storage/LRKH7CWS/10803548.2002.html:text/html}
}

@misc{podkaminer_sam100_2021,
	title = {{SAM100} – {Construction} robotics},
	url = {https://www.construction-robotics.com/sam100/},
	journal = {Construction Robotics},
	author = {Podkaminer, N. and Peters, L.S.},
	year = {2021},
	file = {Snapshot:/Users/edvardbruun/Zotero/storage/7WXWGRTC/sam100.html:text/html}
}

@misc{pivac_hadrian_2021,
	title = {Hadrian {X} - {Fastbrick} robotics},
	url = {https://www.fbr.com.au/},
	language = {en},
	journal = {Fastbrick Robotics},
	author = {Pivac, M. and Pivac, M. and Sheridan, M.},
	year = {2021},
	file = {Snapshot:/Users/edvardbruun/Zotero/storage/V7JZ4AG7/www.fbr.com.au.html:text/html}
}

@misc{drew_lock-block_2021,
	title = {Lock-{Block} {Ltd}.},
	url = {http://www.lockblock.com/},
	urldate = {2021-02-06},
	author = {Drew, J.},
	year = {2021},
	file = {Lock-Block Ltd.:/Users/edvardbruun/Zotero/storage/RELG8URB/www.lockblock.com.html:text/html}
}

@inproceedings{sharif_bim_2015,
	address = {Vienna, Austria},
	title = {{BIM} for masonry: {Development} of {BIM} plugins for the masonry unit {Database}},
	booktitle = {Proceedings of the 33rd {Education} and {Research} in {Computer} {Aided} {Architectural} {Design} in {Europe} {Conference}},
	author = {Sharif, Shani and Gentry, Russell},
	month = sep,
	year = {2015},
	note = {(WOS: 000372317300061)},
	pages = {567--576},
	file = {Sharif and Gentry - 2015 - BIM for Masonry Development of BIM Plugins for the Masonry Unit Database.pdf:/Users/edvardbruun/Zotero/storage/MBP9WW9K/Sharif and Gentry - 2015 - BIM for Masonry Development of BIM Plugins for the Masonry Unit Database.pdf:application/pdf}
}

@article{pritschow_technological_1996,
	title = {Technological aspects in the development of a mobile bricklaying robot},
	volume = {5},
	doi = {10.1016/0926-5805(95)00015-1},
	number = {1},
	urldate = {2021-02-06},
	journal = {Automation in Construction},
	author = {Pritschow, G. and Dalacker, M. and Kurz, J. and Gaenssle, M.},
	month = mar,
	year = {1996},
	keywords = {Automated bricklaying, Automation on the job site, Man-machine system, Mobile robot},
	pages = {3--13},
	file = {ScienceDirect Snapshot:/Users/edvardbruun/Zotero/storage/QKPMCHS6/0926580595000151.html:text/html}
}

@article{pritschow_mobile_1994,
	title = {A mobile robot for on-site construction of masonry},
	volume = {3},
	doi = {10.1109/IROS.1994.407628},
	journal = {Proceedings of IEEE/RSJ International Conference on Intelligent Robots and Systems (IROS'94)},
	author = {Pritschow, G. and Dalacker, M. and Kurz, J. and Zeiher, J.},
	year = {1994},
	pages = {1701--1707}
}

@book{gramazio_digital_2008,
	address = {Baden},
	edition = {1st edition},
	title = {Digital materiality in architecture},
	isbn = {978-3-03778-122-7},
	language = {English},
	publisher = {Lars Muller},
	author = {Gramazio, Fabio and Kohler, Matthias},
	month = oct,
	year = {2008},
	note = {(ISBN: 978-3-03778-122-7)}
}

@book{gramazio_made_2014,
	address = {London},
	edition = {1st edition},
	title = {Made by robots: {Challenging} architecture at a larger scale},
	isbn = {978-1-118-53548-6},
	language = {English},
	publisher = {Academy Press},
	editor = {Gramazio, Fabio and Kohler, Matthias},
	month = jun,
	year = {2014},
	note = {(ISBN: 978-1-118-53548-6)}
}

@article{giftthaler_mobile_2017,
	title = {Mobile robotic fabrication at 1:1 scale: {The} in situ fabricator},
	volume = {1},
	doi = {10.1007/s41693-017-0003-5},
	language = {en},
	number = {1},
	urldate = {2021-02-07},
	journal = {Construction Robotics},
	author = {Giftthaler, Markus and Sandy, Timothy and Dörfler, Kathrin and Brooks, Ian and Buckingham, Mark and Rey, Gonzalo and Kohler, Matthias and Gramazio, Fabio and Buchli, Jonas},
	month = dec,
	year = {2017},
	pages = {3--14},
	file = {Giftthaler et al. - 2017 - Mobile robotic fabrication at 11 scale The in si.pdf:/Users/edvardbruun/Zotero/storage/CR3AZDDW/Giftthaler et al. - 2017 - Mobile robotic fabrication at 11 scale The in si.pdf:application/pdf}
}

@misc{sklar_robots_2015,
	title = {Robots lay three times as many bricks as construction workers},
	url = {https://www.technologyreview.com/2015/09/02/10587/robots-lay-three-times-as-many-bricks-as-construction-workers/},
	language = {en},
	urldate = {2021-02-07},
	journal = {MIT Technology Review},
	author = {Sklar, Julia},
	year = {2015},
	file = {Snapshot:/Users/edvardbruun/Zotero/storage/FPYN5KTF/robots-lay-three-times-as-many-bricks-as-construction-workers.html:text/html}
}

@misc{empa_dfab_2021,
	title = {{DFAB} {HOUSE} – {Digital} fabrication and living.},
	url = {https://www.empa.ch/web/nest/digital-fabrication},
	urldate = {2021-02-07},
	author = {EMPA},
	year = {2021},
	file = {Empa - NEST - Digital Fabrication:/Users/edvardbruun/Zotero/storage/5FUR3NLI/digital-fabrication.html:text/html}
}

@inproceedings{hack_mesh_2017,
	address = {Tromsø, Norway},
	title = {Mesh mould: {An} on site, robotically fabricated, functional formwork},
	volume = {19},
	isbn = {978-82-8208-054-5},
	language = {en},
	booktitle = {Second {Concrete} {Innovation} {Conference}},
	author = {Hack, Norman and Wangler, Timothy and Mata-Falcón, Jaime and Dörfler, Kathrin and Kumar, Nitish and Walzer, Nikolas and Graser, Konrad and Reiter, Lex and Richner, Heinz and Buchli, Jonas and Kaufmann, Walter and Flatt, Robert J and Gramazio, Fabio and Kohler, Matthias},
	year = {2017},
	note = {(ISBN:  978-82-8208-054-5)},
	pages = {11},
	file = {Hack et al. - MESH MOULD AN ON SITE, ROBOTICALLY FABRICATED, FUNCTIONAL FORMWORK.pdf:/Users/edvardbruun/Zotero/storage/J58IJDE4/Hack et al. - MESH MOULD AN ON SITE, ROBOTICALLY FABRICATED, FUNCTIONAL FORMWORK.pdf:application/pdf}
}

@article{willmann_robotic_2016,
	title = {Robotic timber construction — {Expanding} additive fabrication to new dimensions},
	volume = {61},
	doi = {10.1016/j.autcon.2015.09.011},
	urldate = {2021-02-07},
	journal = {Automation in Construction},
	author = {Willmann, Jan and Knauss, Michael and Bonwetsch, Tobias and Apolinarska, Anna Aleksandra and Gramazio, Fabio and Kohler, Matthias},
	month = jan,
	year = {2016},
	keywords = {Additive digital fabrication, Automated assembly, Computational design, Industrial full scale implementation, Non-standard timber structures, Robotic Timber Construction},
	pages = {16--23},
	file = {ScienceDirect Snapshot:/Users/edvardbruun/Zotero/storage/8EBG4KYY/S0926580515002046.html:text/html}
}

@inproceedings{kodama_robotized_1988,
	address = {Tokyo, Japan},
	title = {A robotized wall erection system with solid components},
	doi = {10.22260/ISARC1988/0052},
	booktitle = {Proceedings of the 5th {International} {Symposium} on {Automation} and {Robotics} in {Construction} ({ISARC})},
	author = {Kodama, Yuichira and Yamazaki, Yutaka and Kato, Hirota and Iguchi, Yosuke and Naoi, Hideo},
	month = jun,
	year = {1988},
	pages = {441--448},
	file = {Kodama et al. - 1988 - A Robotized Wall Erection System with Solid Components.PDF:/Users/edvardbruun/Zotero/storage/V2DCDZRE/Kodama et al. - 1988 - A Robotized Wall Erection System with Solid Components.PDF:application/pdf}
}

@article{slocum_blockbot_1988,
	title = {Blockbot: {A} robot to automate construction of cement block walls},
	volume = {4},
	doi = {10.1016/0921-8890(88)90020-6},
	number = {2},
	urldate = {2021-02-07},
	journal = {Robotics and Autonomous Systems},
	author = {Slocum, Alexander H. and Schena, Bruce},
	month = jun,
	year = {1988},
	keywords = {automation, blockbot, manipulator, Masonry, robotics},
	pages = {111--129},
	file = {Slocum and Schena - 1988 - Blockbot A robot to automate construction of cement block walls.pdf:/Users/edvardbruun/Zotero/storage/DPGD7UKP/Slocum and Schena - 1988 - Blockbot A robot to automate construction of cement block walls.pdf:application/pdf;ScienceDirect Snapshot:/Users/edvardbruun/Zotero/storage/KYWX5ED9/0921889088900206.html:text/html}
}

@inproceedings{lehtinen_outlines_1989,
	address = {San Francisco, California},
	title = {Outlines of two masonry robot systems},
	doi = {10.22260/ISARC1989/0018},
	language = {en},
	booktitle = {Proceedings of the 6th {International} {Symposium} on {Automation} and {Robotics} in {Construction}.},
	author = {Lehtinen, Hannu and Salo, Esko and Aalto, Heikki},
	year = {1989},
	pages = {143--150},
	file = {Lehtinen et al. - Outlines of Two Masonry Robot Systems.pdf:/Users/edvardbruun/Zotero/storage/F6MIHRGX/Lehtinen et al. - Outlines of Two Masonry Robot Systems.pdf:application/pdf}
}

@inproceedings{malinovsky_robotic_1990,
	address = {Bristol, England},
	title = {A robotic complex for brick-laying applications},
	doi = {10.22260/ISARC1990/0005},
	urldate = {2021-02-07},
	booktitle = {7th {International} {Symposium} on {Automation} and {Robotics} in {Construction}},
	author = {Malinovsky, E. Yu and Borshchevsky, A. A. and Elder, E. A. and Pogodin, V. M.},
	month = jun,
	year = {1990},
	pages = {32--38},
	file = {Malinovsky et al. - 1990 - A Robotic Complex for Brick-Laying Applications.pdf:/Users/edvardbruun/Zotero/storage/QA6YXLJ8/Malinovsky et al. - 1990 - A Robotic Complex for Brick-Laying Applications.pdf:application/pdf}
}

@inproceedings{chamberlain_progress_1991,
	address = {Stuttgart, Germany},
	title = {Progress in a masonry tasking robot},
	doi = {10.22260/ISARC1991/0087},
	urldate = {2021-02-07},
	booktitle = {8th {Int}. {Symposium} on {Automation} and {Robotics} in {Construction}},
	author = {Chamberlain, Denis and Speare, Philip and Ala, Seshagiri},
	month = jun,
	year = {1991},
	pages = {909--918},
	file = {Chamberlain et al. - 1991 - Progress in a Masonry Tasking Robot.PDF:/Users/edvardbruun/Zotero/storage/TWZTDHMG/Chamberlain et al. - 1991 - Progress in a Masonry Tasking Robot.PDF:application/pdf}
}

@article{altobelli_prototype_1993,
	title = {Prototype robotic masonry system},
	volume = {6},
	doi = {10.1061/(ASCE)0893-1321(1993)6:1(19)},
	language = {EN},
	number = {1},
	journal = {Journal of Aerospace Engineering},
	author = {Altobelli, Frank and Taylor, Henry F. and Bernold, Leonhard E.},
	month = jan,
	year = {1993},
	keywords = {Automation, Bonding strength, Construction, Masonry, Prefabrication, Robotics},
	pages = {19--33},
	file = {Snapshot:/Users/edvardbruun/Zotero/storage/HCFP79TB/(ASCE)0893-1321(1993)61(19).html:text/html}
}

@inproceedings{jahn_holographic_2019,
	address = {Berlin},
	title = {Holographic construction},
	doi = {10.1007/978-3-030-29829-6},
	booktitle = {Design {Modelling} {Symposium}},
	author = {Jahn, Gwyllim and Newnham, Cameron and Berg, Nick and Iraheta, Melissa and Wells, Jackson},
	month = dec,
	year = {2019},
	pages = {13},
	file = {Jahn et al. - 2019 - Holographic Construction.pdf:/Users/edvardbruun/Zotero/storage/E2NBXVAU/Jahn et al. - 2019 - Holographic Construction.pdf:application/pdf}
}

@article{borne_droneport_2016,
	title = {The {Droneport} project},
	url = {https://www.lafargeholcim-foundation.org/media/publications/aa-perspectives-the-droneport-project},
	journal = {AA: L’Architecture d’Aujourd’hui},
	author = {Borne, E. and Heathcote, E. et al.},
	month = nov,
	year = {2016},
	pages = {92},
	file = {Borne and Heathcote - 2016 - The Droneport Project.pdf:/Users/edvardbruun/Zotero/storage/MS3EQ5PY/Borne and Heathcote - 2016 - The Droneport Project.pdf:application/pdf}
}

@article{mitterberger_augmented_2020,
	title = {Augmented bricklaying},
	volume = {4},
	doi = {10.1007/s41693-020-00035-8},
	number = {3},
	urldate = {2021-02-15},
	journal = {Construction Robotics},
	author = {Mitterberger, Daniela and Dörfler, Kathrin and Sandy, Timothy and Salveridou, Foteini and Hutter, Marco and Gramazio, Fabio and Kohler, Matthias},
	month = dec,
	year = {2020},
	pages = {151--161},
	file = {Springer Full Text PDF:/Users/edvardbruun/Zotero/storage/RKC9AKY2/Mitterberger et al. - 2020 - Augmented bricklaying.pdf:application/pdf}
}

@article{fang_assessing_2019,
	title = {Assessing the stability of unreinforced masonry arches and vaults: a comparison of analytical and numerical strategies},
	volume = {13},
	doi = {10.1080/15583058.2018.1463413},
	number = {5},
	urldate = {2021-02-15},
	journal = {International Journal of Architectural Heritage},
	author = {Fang, Demi L. and Napolitano, Rebecca K. and Michiels, Tim L. and Adriaenssens, Sigrid M.},
	month = jul,
	year = {2019},
	pages = {648--662},
	file = {Fang et al. - 2019 - Assessing the stability of unreinforced masonry arches and vaults a comparison of analytical and numerical strategies.pdf:/Users/edvardbruun/Zotero/storage/B8F9G6X8/Fang et al. - 2019 - Assessing the stability of unreinforced masonry arches and vaults a comparison of analytical and numerical strategies.pdf:application/pdf}
}

@misc{oatey_oatey_2020,
	title = {Oatey® {Fix}-{It}™ {Stick} {Epoxy} {Putty}},
	url = {https://www.oatey.com/products/oatey-fixit-stick-epoxy-putty-1829259701},
	urldate = {2021-02-16},
	author = {Oatey},
	year = {2020},
	file = {Oatey - Oatey® Fix-It™ Stick Epoxy Putty.pdf:/Users/edvardbruun/Zotero/storage/EEEH5IF4/Oatey - Oatey® Fix-It™ Stick Epoxy Putty.pdf:application/pdf;Oatey® Fix-It™ Stick Epoxy Putty | Oatey:/Users/edvardbruun/Zotero/storage/FYLLVJKA/oatey-fixit-stick-epoxy-putty-1829259701.html:text/html}
}

@article{turner_stiffness_1956,
	title = {Stiffness and deflection analysis of complex structures},
	volume = {23},
	doi = {10.2514/8.3664},
	number = {9},
	urldate = {2021-02-21},
	journal = {Journal of the Aeronautical Sciences},
	author = {Turner, M. J. and Clough, R. W. and Martin, H. C. and Topp, L. J.},
	month = sep,
	year = {1956},
	pages = {805--823},
	file = {Turner et al. - 1956 - Stiffness and Deflection Analysis of Complex Structures.pdf:/Users/edvardbruun/Zotero/storage/MFFGN9DB/Turner et al. - 1956 - Stiffness and Deflection Analysis of Complex Structures.pdf:application/pdf}
}

@article{heyman_stone_1966,
	title = {The stone skeleton},
	volume = {2},
	doi = {10.1016/0020-7683(66)90018-7},
	language = {en},
	number = {2},
	journal = {International Journal of Solids and Structures},
	author = {Heyman, Jacques},
	month = apr,
	year = {1966},
	pages = {249--279},
	file = {Heyman - 1966 - The stone skeleton.pdf:/Users/edvardbruun/Zotero/storage/UETBJTD2/Heyman - 1966 - The stone skeleton.pdf:application/pdf;ScienceDirect Snapshot:/Users/edvardbruun/Zotero/storage/ZIZ759YZ/0020768366900187.html:text/html}
}

@article{daltri_modeling_2020,
	title = {Modeling strategies for the computational analysis of unreinforced masonry structures: {Review} and classification},
	volume = {27},
	doi = {10.1007/s11831-019-09351-x},
	language = {en},
	number = {4},
	journal = {Archives of Computational Methods in Engineering},
	author = {D'Altri, Antonio Maria and Sarhosis, Vasilis and Milani, Gabriele and Rots, Jan and Cattari, Serena and Lagomarsino, Sergio and Sacco, Elio and Tralli, Antonio and Castellazzi, Giovanni and de Miranda, Stefano},
	month = sep,
	year = {2020},
	pages = {1153--1185}
}

@article{mcinerney_discrete_2015,
	title = {Discrete element modeling of groin vault displacement capacity},
	volume = {9},
	doi = {10.1080/15583058.2014.923953},
	number = {8},
	urldate = {2021-05-17},
	journal = {International Journal of Architectural Heritage},
	author = {McInerney, J. and DeJong, M. J.},
	month = nov,
	year = {2015},
	keywords = {discrete element modeling, masonry vault, mechanism, support displacement, thrust line analysis},
	pages = {1037--1049},
	file = {Full Text PDF:/Users/edvardbruun/Zotero/storage/8IPBM47S/McInerney and DeJong - 2015 - Discrete Element Modeling of Groin Vault Displacement Capacity.pdf:application/pdf;Snapshot:/Users/edvardbruun/Zotero/storage/MGVDVZRP/15583058.2014.html:text/html}
}

@article{pulatsu_comparison_2019,
	title = {Comparison of in-plane and out-of-plane failure modes of masonry arch bridges using discontinuum analysis},
	volume = {178},
	doi = {10.1016/j.engstruct.2018.10.016},
	language = {en},
	urldate = {2021-05-17},
	journal = {Engineering Structures},
	author = {Pulatsu, Bora and Erdogmus, Ece and Lourenço, Paulo B.},
	month = jan,
	year = {2019},
	pages = {24--36},
	file = {Pulatsu et al. - 2019 - Comparison of in-plane and out-of-plane failure modes of masonry arch bridges using discontinuum analysis.pdf:/Users/edvardbruun/Zotero/storage/R852I2WN/Pulatsu et al. - 2019 - Comparison of in-plane and out-of-plane failure modes of masonry arch bridges using discontinuum analysis.pdf:application/pdf;ScienceDirect Snapshot:/Users/edvardbruun/Zotero/storage/UZB46NJG/S0141029618312100.html:text/html}
}

@inproceedings{pulatsu_-plane_2019,
	title = {In-plane static response of dry-joint masonry arch-pier structures},
	doi = {10.1061/9780784482261.028},
	language = {en},
	urldate = {2021-05-17},
	booktitle = {Architectural {Engineering} {Institute} ({AEI}) {Conference}},
	author = {Pulatsu, Bora and Erdogmus, Ece and Bretas, Eduardo M. and Lourenço, Paulo B.},
	month = apr,
	year = {2019},
	pages = {240--248},
	file = {Pulatsu et al. - 2019 - In-Plane Static Response of Dry-Joint Masonry Arch-Pier Structures.pdf:/Users/edvardbruun/Zotero/storage/9J3UVS9L/Pulatsu et al. - 2019 - In-Plane Static Response of Dry-Joint Masonry Arch-Pier Structures.pdf:application/pdf;Snapshot:/Users/edvardbruun/Zotero/storage/JC3ME4I8/9780784482261.html:text/html}
}

@article{foti_dem_2018,
	title = {{DEM} modeling and experimental analysis of the static behavior of a dry-joints masonry cross vaults},
	volume = {170},
	doi = {10.1016/j.conbuildmat.2018.02.202},
	language = {en},
	urldate = {2021-05-17},
	journal = {Construction and Building Materials},
	author = {Foti, D. and Vacca, V. and Facchini, I.},
	month = may,
	year = {2018},
	keywords = {3D-printing, Collapse, DEM (Distinct Element Modeling), Masonry vaults, Scale model testing},
	pages = {111--120},
	file = {ScienceDirect Snapshot:/Users/edvardbruun/Zotero/storage/JVTD9CI5/S0950061818304562.html:text/html}
}
